timestamp,symbol,mid_price,spread,open,high,low,close,volume,bid_price_1,bid_size_1,ask_price_1,ask_size_1,bid_price_2,bid_size_2,ask_price_2,ask_size_2,bid_price_3,bid_size_3,ask_price_3,ask_size_3,bid_price_4,bid_size_4,ask_price_4,ask_size_4,bid_price_5,bid_size_5,ask_price_5,ask_size_5,bid_price_6,bid_size_6,ask_price_6,ask_size_6,bid_price_7,bid_size_7,ask_price_7,ask_size_7,bid_price_8,bid_size_8,ask_price_8,ask_size_8,bid_price_9,bid_size_9,ask_price_9,ask_size_9,bid_price_10,bid_size_10,ask_price_10,ask_size_10,bid_price_11,bid_size_11,ask_price_11,ask_size_11,bid_price_12,bid_size_12,ask_price_12,ask_size_12,bid_price_13,bid_size_13,ask_price_13,ask_size_13,bid_price_14,bid_size_14,ask_price_14,ask_size_14,bid_price_15,bid_size_15,ask_price_15,ask_size_15,bid_price_16,bid_size_16,ask_price_16,ask_size_16,bid_price_17,bid_size_17,ask_price_17,ask_size_17,bid_price_18,bid_size_18,ask_price_18,ask_size_18,bid_price_19,bid_size_19,ask_price_19,ask_size_19,bid_price_20,bid_size_20,ask_price_20,ask_size_20,total_bid_volume,total_ask_volume,volume_imbalance,trade_price,trade_size,trade_side
2025-09-19 16:01:16.909713,BTCUSDT,1000.0,0.9,999.7,1001.0,999.5,1000.0,16.4368,999.5,0.528123,1000.5,1.11333,999.0,0.036719,1001.0,0.010455,998.5,0.38188,1001.5,0.188585,998.0,0.097957,1002.0,0.122995,997.5,0.016862,1002.5,0.029895,997.0,0.346624,1003.0,0.570774,996.5,0.189305,1003.5,0.165936,996.0,0.128377,1004.0,0.03829,995.5,0.030033,1004.5,0.394667,995.0,0.220068,1005.0,0.024162,994.5,0.008551,1005.5,0.150256,994.0,0.030199,1006.0,0.164609,993.5,0.010131,1006.5,0.021167,993.0,0.117708,1007.0,0.111183,992.5,0.336579,1007.5,0.197984,992.0,0.144771,1008.0,0.075665,991.5,0.023928,1008.5,0.246035,991.0,0.031441,1009.0,0.013062,990.5,0.020627,1009.5,0.079547,990.0,0.00732,1010.0,0.029771,2.707203,3.748368,-0.1613,,,
2025-09-19 16:01:16.959713,BTCUSDT,1000.0,3.9,999.0,1002.3,994.9,1000.0,203.3881,998.1,0.242405,1001.9,0.085066,997.6,1.27615,1002.4,0.121628,997.1,0.065243,1002.9,0.946596,996.6,0.251699,1003.4,0.137571,996.1,0.048436,1003.9,0.173189,995.6,0.039064,1004.4,0.475807,995.1,0.132985,1004.9,0.095574,994.6,0.038562,1005.4,0.131727,994.1,0.016262,1005.9,0.109918,993.6,0.019332,1006.4,0.054144,993.1,0.052443,1006.9,0.035182,992.6,0.085979,1007.4,0.140745,992.1,0.021421,1007.9,0.066931,991.6,0.0833,1008.4,0.020809,991.1,0.060394,1008.9,0.008283,990.6,0.043694,1009.4,0.008398,990.1,0.037701,1009.9,0.065601,989.6,0.005808,1010.4,0.040939,989.1,0.196943,1010.9,0.027086,988.6,0.007112,1011.4,0.044857,2.724933,2.790052,-0.0118,999.6,0.403702,-1.0
2025-09-19 16:01:17.009713,BTCUSDT,1002.8,1.3,1002.5,1003.9,1002.0,1002.8,359.284,1002.1,1.260266,1003.4,1.26698,1001.6,0.963283,1003.9,0.109055,1001.1,0.055911,1004.4,0.758369,1000.6,0.251489,1004.9,0.226891,1000.1,0.016965,1005.4,0.31714,999.6,0.066542,1005.9,0.023588,999.1,0.054751,1006.4,0.057791,998.6,0.721305,1006.9,0.03103,998.1,0.178617,1007.4,0.037439,997.6,0.144108,1007.9,0.33852,997.1,0.010744,1008.4,0.00686,996.6,0.079174,1008.9,0.13026,996.1,0.238885,1009.4,0.338287,995.6,0.037875,1009.9,0.049285,995.1,0.031327,1010.4,0.092633,994.6,0.042943,1010.9,0.079464,994.1,0.007688,1011.4,0.128508,993.6,0.026083,1011.9,0.067381,993.1,0.036846,1012.4,0.078046,992.6,0.141614,1012.9,0.044136,4.366416,4.181663,0.0216,,,
2025-09-19 16:01:17.059713,BTCUSDT,1001.0,0.9,1001.0,1001.9,1000.1,1001.0,25.7443,1000.6,0.417392,1001.4,0.114169,1000.1,0.01634,1001.9,0.513203,999.6,0.020561,1002.4,0.846679,999.1,0.034024,1002.9,0.38086,998.6,0.009396,1003.4,0.65216,998.1,0.153657,1003.9,0.037323,997.6,0.10155,1004.4,0.601858,997.1,0.15773,1004.9,0.092805,996.6,0.166669,1005.4,0.061984,996.1,0.215323,1005.9,0.329652,995.6,0.03992,1006.4,0.030525,995.1,0.048293,1006.9,0.270052,994.6,0.328089,1007.4,0.04197,994.1,0.033791,1007.9,0.203685,993.6,0.086827,1008.4,0.061458,993.1,0.025427,1008.9,0.006923,992.6,0.019619,1009.4,0.021408,992.1,0.159412,1009.9,0.01979,991.6,0.018893,1010.4,0.003589,991.1,0.00927,1010.9,0.08265,2.062183,4.372744,-0.3591,,,
2025-09-19 16:01:17.109713,BTCUSDT,1000.0,0.4,999.9,1000.4,999.6,1000.0,267.7033,999.8,1.468712,1000.2,0.438767,999.3,0.096718,1000.7,0.085756,998.8,0.044582,1001.2,0.938768,998.3,0.195456,1001.7,0.364075,997.8,0.034986,1002.2,0.024124,997.3,0.153068,1002.7,0.126569,996.8,0.284307,1003.2,0.105789,996.3,0.490488,1003.7,0.056245,995.8,0.286286,1004.2,0.215833,995.3,0.018139,1004.7,0.001984,994.8,0.199931,1005.2,0.035128,994.3,0.085311,1005.7,0.139993,993.8,0.295676,1006.2,0.00234,993.3,0.184194,1006.7,0.110428,992.8,0.002675,1007.2,0.018524,992.3,0.032004,1007.7,0.021363,991.8,0.008708,1008.2,0.006293,991.3,0.035065,1008.7,0.016061,990.8,0.086246,1009.2,0.015052,990.3,0.268567,1009.7,0.023908,4.271119,2.747001,0.2172,999.9,0.280996,-1.0
2025-09-19 16:01:17.159713,BTCUSDT,1000.0,2.9,999.3,1005.1,998.5,1000.0,48.0823,998.5,0.78332,1001.5,5.160025,998.0,0.027838,1002.0,0.220866,997.5,0.097892,1002.5,0.0266,997.0,0.017395,1003.0,0.930794,996.5,0.007008,1003.5,1.10001,996.0,0.173289,1004.0,0.025997,995.5,0.059809,1004.5,0.200283,995.0,0.010662,1005.0,0.314118,994.5,0.153508,1005.5,0.044322,994.0,0.007365,1006.0,0.126005,993.5,0.041473,1006.5,0.029561,993.0,0.014241,1007.0,0.08936,992.5,0.14927,1007.5,0.061636,992.0,0.151269,1008.0,0.009354,991.5,0.184785,1008.5,0.025425,991.0,0.081471,1009.0,0.030932,990.5,0.152701,1009.5,0.249203,990.0,0.002223,1010.0,0.006749,989.5,0.003795,1010.5,0.063151,989.0,0.184015,1011.0,0.204876,2.303329,8.919266,-0.5895,998.2,0.095096,-1.0
2025-09-19 16:01:17.209713,BTCUSDT,1000.3,0.1,1000.3,1000.3,1000.2,1000.3,22.5681,1000.2,2.142369,1000.3,0.193256,999.7,0.435635,1000.8,0.067306,999.2,0.690316,1001.3,0.504995,998.7,0.005848,1001.8,0.212138,998.2,0.079794,1002.3,0.531401,997.7,0.068643,1002.8,0.201303,997.2,0.043599,1003.3,0.275492,996.7,0.023335,1003.8,0.007291,996.2,0.033487,1004.3,0.009657,995.7,0.0869,1004.8,0.007314,995.2,0.031216,1005.3,0.054397,994.7,0.124372,1005.8,0.028276,994.2,0.363871,1006.3,0.032323,993.7,0.04393,1006.8,0.006358,993.2,0.220535,1007.3,0.067418,992.7,0.063429,1007.8,0.199812,992.2,0.066444,1008.3,0.013266,991.7,0.093357,1008.8,0.004866,991.2,0.002307,1009.3,0.010908,990.7,0.001,1009.8,0.041114,4.620387,2.468893,0.3035,,,
2025-09-19 16:01:17.259713,BTCUSDT,1000.1,1.0,999.8,1000.7,999.5,1000.1,80.9264,999.6,1.031138,1000.6,0.729457,999.1,0.154324,1001.1,0.260185,998.6,0.389633,1001.6,0.512426,998.1,0.262729,1002.1,0.196978,997.6,0.20435,1002.6,0.213878,997.1,0.121792,1003.1,0.121147,996.6,0.134875,1003.6,0.092155,996.1,0.299988,1004.1,0.037851,995.6,0.032985,1004.6,0.032743,995.1,0.014489,1005.1,0.082166,994.6,0.102932,1005.6,0.156025,994.1,0.05158,1006.1,0.07308,993.6,0.066141,1006.6,0.007513,993.1,0.037135,1007.1,0.147597,992.6,0.001,1007.6,0.032856,992.1,0.129646,1008.1,0.038605,991.6,0.06304,1008.6,0.005738,991.1,0.061569,1009.1,0.100411,990.6,0.110308,1009.6,0.007588,990.1,0.012684,1010.1,0.021052,3.282336,2.86945,0.0671,,,
2025-09-19 16:01:17.309713,BTCUSDT,1000.0,3.0,999.4,1003.8,996.6,1000.0,19.2496,998.5,1.610093,1001.5,0.574494,998.0,0.775535,1002.0,0.182203,997.5,0.067985,1002.5,0.423824,997.0,0.765962,1003.0,0.006117,996.5,0.085792,1003.5,0.100669,996.0,0.059919,1004.0,0.109593,995.5,0.145179,1004.5,0.141031,995.0,0.03315,1005.0,0.294433,994.5,0.195144,1005.5,0.076743,994.0,0.010349,1006.0,0.023038,993.5,0.062268,1006.5,0.067806,993.0,0.285048,1007.0,0.014307,992.5,0.320875,1007.5,0.047215,992.0,0.001979,1008.0,0.092701,991.5,0.003591,1008.5,0.087785,991.0,0.142453,1009.0,0.002622,990.5,0.092305,1009.5,0.184846,990.0,0.084588,1010.0,0.085301,989.5,0.074498,1010.5,0.005766,989.0,0.043743,1011.0,0.038802,4.860458,2.559295,0.3101,,,
2025-09-19 16:01:17.359713,BTCUSDT,1000.0,1.7,999.6,1001.1,998.8,1000.0,166.255,999.2,0.872199,1000.8,0.263243,998.7,0.194356,1001.3,0.397898,998.2,0.077254,1001.8,0.075733,997.7,1.055191,1002.3,0.290654,997.2,0.444641,1002.8,0.271158,996.7,0.080525,1003.3,0.665746,996.2,0.0023,1003.8,0.071312,995.7,0.010773,1004.3,0.029387,995.2,0.116872,1004.8,0.045937,994.7,0.054668,1005.3,0.113985,994.2,0.107664,1005.8,0.048453,993.7,0.053741,1006.3,0.062111,993.2,0.120972,1006.8,0.001584,992.7,0.00809,1007.3,0.001,992.2,0.017304,1007.8,0.250845,991.7,0.101677,1008.3,0.08904,991.2,0.03149,1008.8,0.086157,990.7,0.010167,1009.3,0.247985,990.2,0.024122,1009.8,0.166785,989.7,0.033266,1010.3,0.043171,3.417273,3.222184,0.0294,,,
2025-09-19 16:01:17.409713,BTCUSDT,1001.3,5.1,1000.9,1004.8,998.0,1001.3,59.0931,998.7,2.728636,1003.8,1.226797,998.2,0.054891,1004.3,1.213634,997.7,0.09129,1004.8,0.015747,997.2,0.147435,1005.3,0.161497,996.7,0.438937,1005.8,0.063834,996.2,0.071606,1006.3,0.006619,995.7,0.192768,1006.8,0.306441,995.2,0.001652,1007.3,0.026539,994.7,0.349859,1007.8,0.376162,994.2,0.195009,1008.3,0.023639,993.7,0.001,1008.8,0.226922,993.2,0.05738,1009.3,0.016682,992.7,0.083037,1009.8,0.078868,992.2,0.190939,1010.3,0.002405,991.7,0.171823,1010.8,0.075298,991.2,0.064293,1011.3,0.07766,990.7,0.052121,1011.8,0.003728,990.2,0.053859,1012.3,0.01152,989.7,0.027752,1012.8,0.079414,989.2,0.283438,1013.3,0.051362,5.257724,4.044767,0.1304,,,
2025-09-19 16:01:17.459713,BTCUSDT,1000.2,1.2,1000.0,1001.0,999.5,1000.2,80.7137,999.7,0.40197,1000.8,3.965933,999.2,0.442547,1001.3,0.842959,998.7,0.275944,1001.8,0.822714,998.2,0.441787,1002.3,0.692088,997.7,0.475363,1002.8,0.29725,997.2,0.113977,1003.3,0.340663,996.7,0.224084,1003.8,0.075785,996.2,0.1242,1004.3,0.050724,995.7,0.031523,1004.8,0.261659,995.2,0.050252,1005.3,0.052055,994.7,0.03551,1005.8,0.06382,994.2,0.103949,1006.3,0.007054,993.7,0.003634,1006.8,0.13497,993.2,0.053584,1007.3,0.007125,992.7,0.011779,1007.8,0.043128,992.2,0.023444,1008.3,0.01941,991.7,0.030489,1008.8,0.019385,991.2,0.095118,1009.3,0.007813,990.7,0.18324,1009.8,0.018821,990.2,0.033968,1010.3,0.038899,3.156362,7.762256,-0.4218,,,
2025-09-19 16:01:17.509713,BTCUSDT,1000.0,0.5,999.8,1000.3,999.7,1000.0,130.6489,999.8,0.905975,1000.2,0.21268,999.3,0.276139,1000.7,1.615552,998.8,0.708707,1001.2,0.130122,998.3,0.17996,1001.7,0.454997,997.8,0.08792,1002.2,0.299205,997.3,0.18459,1002.7,0.183232,996.8,0.065171,1003.2,0.117646,996.3,0.11457,1003.7,0.442328,995.8,0.073982,1004.2,0.137052,995.3,0.095729,1004.7,0.033057,994.8,0.030782,1005.2,0.002678,994.3,0.088451,1005.7,0.049813,993.8,0.011563,1006.2,0.003746,993.3,0.008736,1006.7,0.120384,992.8,0.158848,1007.2,0.081984,992.3,0.052302,1007.7,0.025129,991.8,0.00386,1008.2,0.057031,991.3,0.089738,1008.7,0.04163,990.8,0.091584,1009.2,0.017998,990.3,0.008998,1009.7,0.029834,3.237606,4.056099,-0.1122,,,
2025-09-19 16:01:17.559713,BTCUSDT,1001.3,0.3,1001.2,1001.5,1001.1,1001.3,94.4197,1001.2,1.558967,1001.5,0.380081,1000.7,0.008925,1002.0,0.208325,1000.2,0.045711,1002.5,0.415195,999.7,0.268531,1003.0,0.008547,999.2,0.071384,1003.5,0.073699,998.7,0.28118,1004.0,0.095399,998.2,0.032631,1004.5,0.175155,997.7,0.125308,1005.0,0.405193,997.2,0.015423,1005.5,0.10806,996.7,0.073147,1006.0,0.01652,996.2,0.185094,1006.5,0.004092,995.7,0.01834,1007.0,0.071149,995.2,0.077986,1007.5,0.20533,994.7,0.04784,1008.0,0.058108,994.2,0.019783,1008.5,0.009523,993.7,0.019061,1009.0,0.040223,993.2,0.234332,1009.5,0.069604,992.7,0.015745,1010.0,0.005069,992.2,0.006043,1010.5,0.004954,991.7,0.143006,1011.0,0.16815,3.248433,2.522377,0.1258,,,
2025-09-19 16:01:17.609713,BTCUSDT,1000.0,2.3,999.6,1001.6,998.7,1000.0,345.2566,998.8,2.556402,1001.2,0.492349,998.3,0.37739,1001.7,1.034936,997.8,0.444609,1002.2,0.057856,997.3,0.36541,1002.7,0.378439,996.8,0.002915,1003.2,0.140693,996.3,0.071973,1003.7,0.038335,995.8,0.021576,1004.2,0.231788,995.3,0.056039,1004.7,0.136119,994.8,0.130724,1005.2,0.008739,994.3,0.028753,1005.7,0.261219,993.8,0.023783,1006.2,0.005584,993.3,0.04304,1006.7,0.27697,992.8,0.006469,1007.2,0.016967,992.3,0.064005,1007.7,0.021844,991.8,0.001,1008.2,0.038276,991.3,0.136388,1008.7,0.064578,990.8,0.105026,1009.2,0.210741,990.3,0.012766,1009.7,0.014939,989.8,0.033201,1010.2,0.013682,989.3,0.03155,1010.7,0.009474,4.51302,3.453527,0.133,999.7,0.045172,-1.0
2025-09-19 16:01:17.659713,BTCUSDT,1001.4,1.1,1001.1,1002.3,1000.5,1001.4,90.4679,1000.9,0.523306,1002.0,1.082764,1000.4,0.686931,1002.5,1.405559,999.9,0.062055,1003.0,0.479838,999.4,0.240897,1003.5,0.3466,998.9,0.254504,1004.0,0.263002,998.4,0.20101,1004.5,0.11472,997.9,0.142977,1005.0,0.04036,997.4,0.274201,1005.5,0.033245,996.9,0.247785,1006.0,0.162731,996.4,0.111528,1006.5,0.219897,995.9,0.040176,1007.0,0.102867,995.4,0.12464,1007.5,0.011834,994.9,0.267826,1008.0,0.170852,994.4,0.013793,1008.5,0.004516,993.9,0.001,1009.0,0.004626,993.4,0.041505,1009.5,0.005939,992.9,0.14681,1010.0,0.237644,992.4,0.00212,1010.5,0.031836,991.9,0.008328,1011.0,0.009399,991.4,0.083665,1011.5,0.009822,3.475055,4.738049,-0.1538,1001.6,0.350937,1.0
2025-09-19 16:01:17.709713,BTCUSDT,1000.0,4.3,999.0,1003.4,997.7,1000.0,37.0341,997.9,0.766922,1002.1,1.22659,997.4,0.04153,1002.6,0.112006,996.9,0.223529,1003.1,0.210844,996.4,1.076841,1003.6,0.356327,995.9,0.681026,1004.1,0.203878,995.4,0.021775,1004.6,0.01153,994.9,0.075039,1005.1,0.300845,994.4,0.010127,1005.6,0.005617,993.9,0.0026,1006.1,0.273357,993.4,0.006061,1006.6,0.093715,992.9,0.12511,1007.1,0.365327,992.4,0.147416,1007.6,0.015307,991.9,0.024584,1008.1,0.006135,991.4,0.005177,1008.6,0.008012,990.9,0.015625,1009.1,0.128836,990.4,0.035382,1009.6,0.001,989.9,0.00735,1010.1,0.012662,989.4,0.071944,1010.6,0.165393,988.9,0.094883,1011.1,0.042338,988.4,0.277956,1011.6,0.058861,3.710876,3.598579,0.0154,,,
2025-09-19 16:01:17.759713,BTCUSDT,1003.0,2.4,1002.8,1004.4,1001.6,1003.0,31.9158,1001.9,0.24832,1004.2,0.904511,1001.4,0.978769,1004.7,0.102688,1000.9,0.946031,1005.2,0.113014,1000.4,0.40499,1005.7,1.591208,999.9,0.023719,1006.2,0.437263,999.4,0.124171,1006.7,0.046524,998.9,0.113262,1007.2,0.021575,998.4,0.057399,1007.7,0.08019,997.9,0.094333,1008.2,0.07817,997.4,0.214276,1008.7,0.04129,996.9,0.035573,1009.2,0.004367,996.4,0.008771,1009.7,0.010595,995.9,0.001576,1010.2,0.173816,995.4,0.013592,1010.7,0.074953,994.9,0.012688,1011.2,0.149382,994.4,0.073096,1011.7,0.002458,993.9,0.001276,1012.2,0.011014,993.4,0.058477,1012.7,0.093812,992.9,0.022125,1013.2,0.11061,992.4,0.074806,1013.7,0.079734,3.50725,4.127174,-0.0812,1002.8,0.008096,-1.0
2025-09-19 16:01:17.809713,BTCUSDT,1000.0,0.4,1000.0,1000.2,999.8,1000.0,223.2002,999.8,0.865188,1000.2,3.986968,999.3,0.509929,1000.7,0.407165,998.8,0.209499,1001.2,0.060992,998.3,0.155851,1001.7,0.135471,997.8,0.012092,1002.2,0.050679,997.3,0.013172,1002.7,0.091497,996.8,0.192448,1003.2,0.175553,996.3,0.123898,1003.7,0.068709,995.8,0.061031,1004.2,0.150533,995.3,0.415251,1004.7,0.008351,994.8,0.100961,1005.2,0.179652,994.3,0.071663,1005.7,0.002833,993.8,0.08147,1006.2,0.05168,993.3,0.075053,1006.7,0.111157,992.8,0.019988,1007.2,0.113426,992.3,0.068449,1007.7,0.003372,991.8,0.008213,1008.2,0.042622,991.3,0.058754,1008.7,0.004109,990.8,0.009103,1009.2,0.060506,990.3,0.02338,1009.7,0.029981,3.075396,5.735257,-0.3019,,,
2025-09-19 16:01:17.859713,BTCUSDT,1000.0,4.2,999.4,1002.6,994.9,1000.0,469.623,997.9,0.56889,1002.1,0.317347,997.4,0.087205,1002.6,0.080705,996.9,0.096266,1003.1,0.37759,996.4,0.331073,1003.6,0.062907,995.9,0.149326,1004.1,0.058227,995.4,0.001,1004.6,0.147557,994.9,0.008825,1005.1,0.41077,994.4,0.399692,1005.6,0.038137,993.9,0.016465,1006.1,0.018284,993.4,0.019597,1006.6,0.121445,992.9,0.18789,1007.1,0.169563,992.4,0.041914,1007.6,0.079044,991.9,0.013157,1008.1,0.134389,991.4,0.052935,1008.6,0.034758,990.9,0.159643,1009.1,0.136427,990.4,0.118552,1009.6,0.050081,989.9,0.002085,1010.1,0.006508,989.4,0.086913,1010.6,0.00345,988.9,0.012162,1011.1,0.088518,988.4,0.032027,1011.6,0.01813,2.385618,2.353836,0.0067,,,
2025-09-19 16:01:17.909713,BTCUSDT,1001.3,3.3,999.9,1005.5,999.3,1001.3,178.0365,999.7,1.145969,1003.0,3.219246,999.2,0.527518,1003.5,0.450849,998.7,0.101265,1004.0,0.248047,998.2,0.405268,1004.5,0.093866,997.7,0.142196,1005.0,0.108898,997.2,0.047153,1005.5,0.276516,996.7,0.184462,1006.0,0.05865,996.2,0.113481,1006.5,0.027308,995.7,0.085784,1007.0,0.282208,995.2,0.012548,1007.5,0.06059,994.7,0.11938,1008.0,0.083881,994.2,0.059608,1008.5,0.056206,993.7,0.046138,1009.0,0.13222,993.2,0.020452,1009.5,0.083594,992.7,0.008382,1010.0,0.041059,992.2,0.019741,1010.5,0.012382,991.7,0.15087,1011.0,0.038988,991.2,0.051306,1011.5,0.067672,990.7,0.057643,1012.0,0.026499,990.2,0.12119,1012.5,0.043187,3.420354,5.411866,-0.2255,1003.2,0.018737,1.0
2025-09-19 16:01:17.959713,BTCUSDT,1002.5,0.8,1002.3,1003.5,1002.0,1002.5,11.4678,1002.1,0.296417,1002.9,0.636084,1001.6,0.412705,1003.4,0.489472,1001.1,0.660186,1003.9,0.353817,1000.6,0.10114,1004.4,0.138379,1000.1,0.037931,1004.9,0.062548,999.6,0.314178,1005.4,0.185305,999.1,0.164172,1005.9,0.147395,998.6,0.163085,1006.4,0.145814,998.1,0.065737,1006.9,0.27121,997.6,0.001969,1007.4,0.118544,997.1,0.121101,1007.9,0.001837,996.6,0.060447,1008.4,0.014329,996.1,0.156486,1008.9,0.081805,995.6,0.019551,1009.4,0.029349,995.1,0.033967,1009.9,0.028856,994.6,0.039689,1010.4,0.225187,994.1,0.049074,1010.9,0.035448,993.6,0.001,1011.4,0.072975,993.1,0.117571,1011.9,0.075494,992.6,0.058516,1012.4,0.06892,2.87492,3.182768,-0.0508,,,
2025-09-19 16:01:18.009713,BTCUSDT,1006.4,1.9,1005.7,1008.3,1005.2,1006.4,11.4938,1005.4,0.062033,1007.3,1.503693,1004.9,1.285365,1007.8,0.136308,1004.4,0.380966,1008.3,0.044485,1003.9,0.140385,1008.8,0.198898,1003.4,0.125379,1009.3,0.067361,1002.9,0.052424,1009.8,0.117648,1002.4,0.323236,1010.3,0.111417,1001.9,0.00893,1010.8,0.426293,1001.4,0.080179,1011.3,0.01819,1000.9,0.059898,1011.8,0.006266,1000.4,0.113148,1012.3,0.052845,999.9,0.007127,1012.8,0.153852,999.4,0.026675,1013.3,0.043202,998.9,0.032712,1013.8,0.18546,998.4,0.021465,1014.3,0.051183,997.9,0.11801,1014.8,0.010247,997.4,0.024791,1015.3,0.127557,996.9,0.070579,1015.8,0.00442,996.4,0.03589,1016.3,0.02956,995.9,0.003301,1016.8,0.014558,2.972495,3.303441,-0.0527,,,
2025-09-19 16:01:18.059713,BTCUSDT,1008.6,2.4,1008.3,1010.8,1006.5,1008.6,29.8031,1007.4,1.670124,1009.8,4.465439,1006.9,0.708654,1010.3,0.712072,1006.4,0.3877,1010.8,2.287022,1005.9,0.027344,1011.3,0.04233,1005.4,0.049242,1011.8,0.029939,1004.9,0.367122,1012.3,0.153158,1004.4,0.107376,1012.8,0.098697,1003.9,0.011435,1013.3,0.062959,1003.4,0.069514,1013.8,0.1629,1002.9,0.17929,1014.3,0.025383,1002.4,0.036963,1014.8,0.00934,1001.9,0.061536,1015.3,0.03061,1001.4,0.023819,1015.8,0.048321,1000.9,0.047623,1016.3,0.095599,1000.4,0.076267,1016.8,0.08301,999.9,0.190201,1017.3,0.048125,999.4,0.12265,1017.8,0.062778,998.9,0.009788,1018.3,0.044565,998.4,0.084165,1018.8,0.052645,997.9,0.00457,1019.3,0.080305,4.235381,8.595196,-0.3398,,,
2025-09-19 16:01:18.109713,BTCUSDT,1008.7,0.6,1008.3,1009.0,1008.3,1008.7,66.3653,1008.3,1.498721,1009.0,1.467587,1007.8,1.279114,1009.5,0.601503,1007.3,0.532466,1010.0,0.039727,1006.8,0.171202,1010.5,0.036492,1006.3,0.605868,1011.0,0.122738,1005.8,0.077083,1011.5,0.100831,1005.3,0.401095,1012.0,0.273038,1004.8,0.035658,1012.5,0.07978,1004.3,0.024659,1013.0,0.078706,1003.8,0.217543,1013.5,0.272233,1003.3,0.094195,1014.0,0.001558,1002.8,0.02313,1014.5,0.155721,1002.3,0.008421,1015.0,0.009227,1001.8,0.14543,1015.5,0.040208,1001.3,0.05769,1016.0,0.119384,1000.8,0.06666,1016.5,0.234654,1000.3,0.028384,1017.0,0.032276,999.8,0.082302,1017.5,0.112445,999.3,0.014537,1018.0,0.208384,998.8,0.012561,1018.5,0.030959,5.376721,4.017451,0.1447,1008.7,0.792134,1.0
2025-09-19 16:01:18.159713,BTCUSDT,1008.7,2.2,1008.4,1010.4,1007.4,1008.7,201.115,1007.7,2.369651,1009.8,1.218216,1007.2,0.412496,1010.3,0.016369,1006.7,0.371245,1010.8,0.638373,1006.2,0.337845,1011.3,0.5433,1005.7,0.253253,1011.8,0.372237,1005.2,0.347141,1012.3,0.211257,1004.7,0.169945,1012.8,0.2385,1004.2,0.088685,1013.3,0.060922,1003.7,0.010279,1013.8,0.138993,1003.2,0.078861,1014.3,0.108712,1002.7,0.121926,1014.8,0.005203,1002.2,0.015247,1015.3,0.001,1001.7,0.124939,1015.8,0.010378,1001.2,0.045885,1016.3,0.058938,1000.7,0.031766,1016.8,0.123301,1000.2,0.009017,1017.3,0.068674,999.7,0.031698,1017.8,0.006168,999.2,0.00671,1018.3,0.008636,998.7,0.040729,1018.8,0.009702,998.2,0.001,1019.3,0.002504,4.868315,3.841379,0.1179,1009.6,0.04884,1.0
2025-09-19 16:01:18.209713,BTCUSDT,1011.3,0.1,1011.3,1011.4,1011.2,1011.3,17.8024,1011.3,0.203006,1011.4,0.167042,1010.8,0.421368,1011.9,0.606034,1010.3,0.259097,1012.4,0.216917,1009.8,0.095748,1012.9,0.012628,1009.3,0.557062,1013.4,0.062554,1008.8,0.214688,1013.9,0.342203,1008.3,0.031517,1014.4,0.419103,1007.8,0.00592,1014.9,0.154123,1007.3,0.262778,1015.4,0.07172,1006.8,0.103341,1015.9,0.237348,1006.3,0.225692,1016.4,0.084782,1005.8,0.070465,1016.9,0.129859,1005.3,0.100417,1017.4,0.127572,1004.8,0.148733,1017.9,0.099712,1004.3,0.038815,1018.4,0.026355,1003.8,0.070338,1018.9,0.020857,1003.3,0.008478,1019.4,0.057573,1002.8,0.041692,1019.9,0.177957,1002.3,0.013777,1020.4,0.008347,1001.8,0.108529,1020.9,0.157701,2.981462,3.18039,-0.0323,,,
2025-09-19 16:01:18.259713,BTCUSDT,1011.1,1.6,1010.8,1012.6,1010.1,1011.1,10.883,1010.3,4.159902,1011.9,0.121413,1009.8,0.048327,1012.4,1.208616,1009.3,0.773515,1012.9,0.839365,1008.8,0.277148,1013.4,0.242365,1008.3,0.043635,1013.9,0.131847,1007.8,0.020551,1014.4,0.091338,1007.3,0.131111,1014.9,0.043756,1006.8,0.02307,1015.4,0.028652,1006.3,0.092005,1015.9,0.015378,1005.8,0.101141,1016.4,0.099991,1005.3,0.059351,1016.9,0.077546,1004.8,0.015334,1017.4,0.141709,1004.3,0.057165,1017.9,0.014606,1003.8,0.159679,1018.4,0.104321,1003.3,0.08586,1018.9,0.002189,1002.8,0.006166,1019.4,0.006768,1002.3,0.003695,1019.9,0.260318,1001.8,0.007729,1020.4,0.116153,1001.3,0.093312,1020.9,0.046719,1000.8,0.033592,1021.4,0.016112,6.192287,3.60916,0.2635,,,
2025-09-19 16:01:18.309713,BTCUSDT,1014.8,0.7,1014.6,1015.2,1014.3,1014.8,16.0602,1014.4,0.25124,1015.1,0.295366,1013.9,0.091412,1015.6,0.014584,1013.4,0.799636,1016.1,0.126546,1012.9,0.160842,1016.6,0.511293,1012.4,0.032998,1017.1,0.205196,1011.9,0.680381,1017.6,0.385718,1011.4,0.004373,1018.1,0.05045,1010.9,0.076318,1018.6,0.013465,1010.4,0.083095,1019.1,0.018094,1009.9,0.009119,1019.6,0.094786,1009.4,0.172832,1020.1,0.119917,1008.9,0.034653,1020.6,0.115873,1008.4,0.029158,1021.1,0.04006,1007.9,0.071965,1021.6,0.130832,1007.4,0.030932,1022.1,0.06109,1006.9,0.024706,1022.6,0.001,1006.4,0.014174,1023.1,0.156514,1005.9,0.010042,1023.6,0.094939,1005.4,0.013643,1024.1,0.065328,1004.9,0.035539,1024.6,0.02496,2.62706,2.526012,0.0196,,,
2025-09-19 16:01:18.359713,BTCUSDT,1014.4,4.4,1013.7,1017.5,1009.8,1014.4,69.0857,1012.2,0.081502,1016.6,0.70235,1011.7,0.179868,1017.1,0.270152,1011.2,0.575543,1017.6,0.076198,1010.7,0.017244,1018.1,0.07891,1010.2,0.020493,1018.6,0.117363,1009.7,0.090343,1019.1,0.0346,1009.2,0.079243,1019.6,0.068381,1008.7,0.007475,1020.1,0.087145,1008.2,0.006412,1020.6,0.003984,1007.7,0.064226,1021.1,0.049271,1007.2,0.11537,1021.6,0.061803,1006.7,0.419226,1022.1,0.026887,1006.2,0.060365,1022.6,0.087382,1005.7,0.051797,1023.1,0.158355,1005.2,0.022645,1023.6,0.118422,1004.7,0.167714,1024.1,0.11874,1004.2,0.008885,1024.6,0.00567,1003.7,0.056133,1025.1,0.094553,1003.2,0.009565,1025.6,0.001,1002.7,0.024422,1026.1,0.059973,2.05847,2.221139,-0.038,1012.3,0.127949,-1.0
2025-09-19 16:01:18.409713,BTCUSDT,1015.7,0.9,1015.4,1016.5,1015.2,1015.7,466.6569,1015.3,0.818605,1016.2,0.756853,1014.8,0.314159,1016.7,2.575181,1014.3,0.011965,1017.2,0.03411,1013.8,0.29967,1017.7,0.351511,1013.3,0.04465,1018.2,0.04267,1012.8,0.163914,1018.7,0.045045,1012.3,0.029772,1019.2,0.086002,1011.8,0.028733,1019.7,0.075799,1011.3,0.069535,1020.2,0.008451,1010.8,0.130652,1020.7,0.048574,1010.3,0.015167,1021.2,0.056714,1009.8,0.166092,1021.7,0.146633,1009.3,0.022156,1022.2,0.003653,1008.8,0.007969,1022.7,0.083943,1008.3,0.103209,1023.2,0.032466,1007.8,0.186921,1023.7,0.08033,1007.3,0.024826,1024.2,0.002366,1006.8,0.072263,1024.7,0.015763,1006.3,0.008823,1025.2,0.170826,1005.8,0.080922,1025.7,0.029214,2.600001,4.646104,-0.2824,1015.8,0.110011,1.0
2025-09-19 16:01:18.459713,BTCUSDT,1017.0,6.4,1014.9,1020.6,1012.7,1017.0,113.9007,1013.8,1.322448,1020.2,0.17603,1013.3,0.294984,1020.7,0.057465,1012.8,0.755668,1021.2,0.39834,1012.3,0.292235,1021.7,0.297596,1011.8,0.569049,1022.2,0.151471,1011.3,0.312813,1022.7,0.028753,1010.8,0.014378,1023.2,0.163378,1010.3,0.029327,1023.7,0.24853,1009.8,0.020484,1024.2,0.047622,1009.3,0.077728,1024.7,0.277274,1008.8,0.073956,1025.2,0.001441,1008.3,0.09601,1025.7,0.106068,1007.8,0.233861,1026.2,0.091287,1007.3,0.002111,1026.7,0.257973,1006.8,0.049915,1027.2,0.090203,1006.3,0.116768,1027.7,0.001721,1005.8,0.034502,1028.2,0.035186,1005.3,0.090417,1028.7,0.075483,1004.8,0.18212,1029.2,0.033758,1004.3,0.025216,1029.7,0.037143,4.593989,2.576723,0.2813,,,
2025-09-19 16:01:18.509713,BTCUSDT,1018.8,4.1,1018.5,1021.6,1013.4,1018.8,158.3209,1016.8,1.462175,1020.9,1.760544,1016.3,1.708549,1021.4,0.123153,1015.8,1.225286,1021.9,0.058959,1015.3,0.843099,1022.4,0.061407,1014.8,0.080647,1022.9,0.085397,1014.3,0.108266,1023.4,0.019558,1013.8,0.257258,1023.9,0.071975,1013.3,0.048568,1024.4,0.060427,1012.8,0.041556,1024.9,0.07858,1012.3,0.185122,1025.4,0.307393,1011.8,0.18702,1025.9,0.185703,1011.3,0.084826,1026.4,0.106282,1010.8,0.017251,1026.9,0.078171,1010.3,0.092869,1027.4,0.260896,1009.8,0.144091,1027.9,0.029595,1009.3,0.128452,1028.4,0.051952,1008.8,0.065618,1028.9,0.075225,1008.3,0.001,1029.4,0.283578,1007.8,0.009526,1029.9,0.144611,1007.3,0.001531,1030.4,0.003063,6.692711,3.846469,0.2701,,,
2025-09-19 16:01:18.559713,BTCUSDT,1018.8,0.3,1018.7,1019.1,1018.6,1018.8,45.1868,1018.6,4.300273,1018.9,0.26371,1018.1,0.2066,1019.4,0.588775,1017.6,0.071947,1019.9,0.199383,1017.1,0.632074,1020.4,0.386863,1016.6,0.179342,1020.9,0.002044,1016.1,0.472876,1021.4,0.046138,1015.6,0.085217,1021.9,0.216992,1015.1,0.275167,1022.4,0.051954,1014.6,0.008997,1022.9,0.020364,1014.1,0.139826,1023.4,0.175421,1013.6,0.020664,1023.9,0.069742,1013.1,0.15315,1024.4,0.117017,1012.6,0.023676,1024.9,0.056302,1012.1,0.009315,1025.4,0.112467,1011.6,0.069298,1025.9,0.082825,1011.1,0.017104,1026.4,0.023286,1010.6,0.122538,1026.9,0.001,1010.1,0.014298,1027.4,0.09408,1009.6,0.012692,1027.9,0.067785,1009.1,0.064842,1028.4,0.339384,6.879896,2.915533,0.4047,,,
2025-09-19 16:01:18.609713,BTCUSDT,1021.1,0.6,1021.0,1021.6,1020.7,1021.1,154.3925,1020.8,1.741279,1021.4,2.956708,1020.3,0.380488,1021.9,0.188179,1019.8,0.102913,1022.4,1.592763,1019.3,0.041667,1022.9,0.374331,1018.8,0.037259,1023.4,0.006737,1018.3,0.180515,1023.9,0.023211,1017.8,0.014558,1024.4,0.038615,1017.3,0.071353,1024.9,0.090913,1016.8,0.022421,1025.4,0.019464,1016.3,0.028778,1025.9,0.083402,1015.8,0.015673,1026.4,0.135139,1015.3,0.04715,1026.9,0.064257,1014.8,0.062984,1027.4,0.07527,1014.3,0.111633,1027.9,0.104435,1013.8,0.164254,1028.4,0.052672,1013.3,0.013094,1028.9,0.186338,1012.8,0.022073,1029.4,0.045934,1012.3,0.070906,1029.9,0.066712,1011.8,0.036534,1030.4,0.216144,1011.3,0.014694,1030.9,0.042527,3.180226,6.36375,-0.3336,1021.0,0.316172,-1.0
2025-09-19 16:01:18.659713,BTCUSDT,1023.6,0.9,1023.5,1024.2,1022.8,1023.6,77.9771,1023.1,0.127329,1024.0,0.516079,1022.6,0.020754,1024.5,0.098925,1022.1,1.619915,1025.0,0.25668,1021.6,0.108085,1025.5,0.191495,1021.1,0.308954,1026.0,0.173614,1020.6,0.046192,1026.5,0.651221,1020.1,0.065312,1027.0,0.263974,1019.6,0.14373,1027.5,0.021667,1019.1,0.096457,1028.0,0.089543,1018.6,0.056538,1028.5,0.029693,1018.1,0.355263,1029.0,0.067804,1017.6,0.065546,1029.5,0.056797,1017.1,0.023693,1030.0,0.245987,1016.6,0.142472,1030.5,0.134621,1016.1,0.03412,1031.0,0.011718,1015.6,0.014961,1031.5,0.013964,1015.1,0.003909,1032.0,0.021157,1014.6,0.005413,1032.5,0.129763,1014.1,0.089999,1033.0,0.009747,1013.6,0.09691,1033.5,0.002609,3.425551,2.987058,0.0684,,,
2025-09-19 16:01:18.709713,BTCUSDT,1023.9,1.1,1023.6,1024.5,1023.1,1023.9,29.2652,1023.3,0.085055,1024.5,0.355724,1022.8,0.334428,1025.0,0.193505,1022.3,0.388372,1025.5,0.389711,1021.8,0.033258,1026.0,0.098741,1021.3,0.277881,1026.5,0.021745,1020.8,0.001117,1027.0,0.090491,1020.3,0.042369,1027.5,0.041978,1019.8,0.030569,1028.0,0.164431,1019.3,0.199419,1028.5,0.026929,1018.8,0.00361,1029.0,0.017103,1018.3,0.050973,1029.5,0.004001,1017.8,0.355027,1030.0,0.009465,1017.3,0.121829,1030.5,0.001,1016.8,0.028903,1031.0,0.013521,1016.3,0.027637,1031.5,0.093505,1015.8,0.048996,1032.0,0.042827,1015.3,0.201204,1032.5,0.073941,1014.8,0.02252,1033.0,0.010232,1014.3,0.004344,1033.5,0.037817,1013.8,0.020878,1034.0,0.001041,2.278388,1.687707,0.1489,,,
2025-09-19 16:01:18.759713,BTCUSDT,1023.8,2.1,1023.2,1024.9,1021.5,1023.8,134.4023,1022.7,0.699739,1024.9,2.039039,1022.2,0.928697,1025.4,0.764679,1021.7,0.239859,1025.9,1.860122,1021.2,0.070871,1026.4,0.083321,1020.7,0.058702,1026.9,0.140264,1020.2,0.029139,1027.4,0.419125,1019.7,0.227858,1027.9,0.015106,1019.2,0.158484,1028.4,0.209042,1018.7,0.138832,1028.9,0.095487,1018.2,0.295973,1029.4,0.098548,1017.7,0.058178,1029.9,0.003318,1017.2,0.038499,1030.4,0.285307,1016.7,0.110698,1030.9,0.042477,1016.2,0.026406,1031.4,0.172939,1015.7,0.150542,1031.9,0.061939,1015.2,0.20836,1032.4,0.053853,1014.7,0.064221,1032.9,0.016795,1014.2,0.014738,1033.4,0.088433,1013.7,0.043277,1033.9,0.134331,1013.2,0.017069,1034.4,0.027108,3.580143,6.611235,-0.2974,1023.6,0.126841,-1.0
2025-09-19 16:01:18.809713,BTCUSDT,1027.3,0.1,1027.2,1027.3,1027.2,1027.3,64.0855,1027.2,0.762574,1027.3,3.694721,1026.7,0.01391,1027.8,0.735216,1026.2,0.163175,1028.3,0.005092,1025.7,0.057296,1028.8,0.053224,1025.2,0.38938,1029.3,0.80057,1024.7,0.159284,1029.8,0.098874,1024.2,0.101438,1030.3,0.285989,1023.7,0.001068,1030.8,0.099663,1023.2,0.00977,1031.3,0.044136,1022.7,0.076592,1031.8,0.012147,1022.2,0.084485,1032.3,0.154785,1021.7,0.218841,1032.8,0.24287,1021.2,0.028192,1033.3,0.037898,1020.7,0.185124,1033.8,0.048015,1020.2,0.16324,1034.3,0.02752,1019.7,0.002754,1034.8,0.09356,1019.2,0.07301,1035.3,0.001423,1018.7,0.068646,1035.8,0.044502,1018.2,0.071432,1036.3,0.004603,1017.7,0.022058,1036.8,0.016385,2.652269,6.501192,-0.4205,,,
2025-09-19 16:01:18.859713,BTCUSDT,1027.6,0.7,1027.3,1028.2,1027.0,1027.6,60.1309,1027.2,0.236588,1027.9,0.275108,1026.7,0.090646,1028.4,0.382316,1026.2,0.654021,1028.9,0.225191,1025.7,0.159249,1029.4,0.049191,1025.2,0.074703,1029.9,0.029812,1024.7,0.010497,1030.4,0.097801,1024.2,0.101672,1030.9,0.12975,1023.7,0.039291,1031.4,0.022351,1023.2,0.06415,1031.9,0.035675,1022.7,0.130003,1032.4,0.014221,1022.2,0.216166,1032.9,0.007474,1021.7,0.077987,1033.4,0.085514,1021.2,0.050692,1033.9,0.253229,1020.7,0.058095,1034.4,0.009356,1020.2,0.017672,1034.9,0.114833,1019.7,0.025923,1035.4,0.016187,1019.2,0.091815,1035.9,0.069796,1018.7,0.037186,1036.4,0.287471,1018.2,0.045865,1036.9,0.004417,1017.7,0.039283,1037.4,0.076135,2.221503,2.185828,0.0081,1027.8,0.336748,1.0
2025-09-19 16:01:18.909713,BTCUSDT,1029.0,0.2,1029.0,1029.1,1028.9,1029.0,122.9964,1028.9,1.040419,1029.1,0.433366,1028.4,0.204752,1029.6,1.499,1027.9,0.239906,1030.1,0.265957,1027.4,0.176126,1030.6,0.002589,1026.9,0.001,1031.1,0.213729,1026.4,0.061465,1031.6,0.047031,1025.9,0.005691,1032.1,0.221579,1025.4,0.663841,1032.6,0.007648,1024.9,0.063717,1033.1,0.057793,1024.4,0.480129,1033.6,0.285459,1023.9,0.029279,1034.1,0.066844,1023.4,0.048072,1034.6,0.053799,1022.9,0.144526,1035.1,0.034481,1022.4,0.031111,1035.6,0.045627,1021.9,0.018427,1036.1,0.018094,1021.4,0.005332,1036.6,0.022728,1020.9,0.021102,1037.1,0.195386,1020.4,0.009066,1037.6,0.006064,1019.9,0.009952,1038.1,0.206121,1019.4,0.00649,1038.6,0.152968,3.260401,3.836265,-0.0811,1029.0,0.506187,-1.0
2025-09-19 16:01:18.959713,BTCUSDT,1028.7,3.1,1028.2,1032.4,1024.8,1028.7,21.0792,1027.2,0.645722,1030.3,1.78468,1026.7,0.3636,1030.8,0.528522,1026.2,1.252517,1031.3,0.773663,1025.7,0.112323,1031.8,0.338497,1025.2,0.256753,1032.3,0.250361,1024.7,0.030796,1032.8,0.051546,1024.2,0.304745,1033.3,0.931807,1023.7,0.003051,1033.8,0.058515,1023.2,0.030122,1034.3,0.032773,1022.7,0.007061,1034.8,0.073792,1022.2,0.041973,1035.3,0.001,1021.7,0.033128,1035.8,0.101337,1021.2,0.203029,1036.3,0.033977,1020.7,0.058759,1036.8,0.060051,1020.2,0.137249,1037.3,0.024558,1019.7,0.037957,1037.8,0.056337,1019.2,0.067446,1038.3,0.182699,1018.7,0.034465,1038.8,0.006458,1018.2,0.100426,1039.3,0.038645,1017.7,0.018117,1039.8,0.018512,3.739239,5.347731,-0.177,,,
2025-09-19 16:01:19.009713,BTCUSDT,1029.2,1.0,1028.8,1029.7,1028.4,1029.2,263.5444,1028.7,1.561935,1029.7,2.996957,1028.2,0.487946,1030.2,0.068348,1027.7,0.209592,1030.7,1.549215,1027.2,0.131074,1031.2,0.098289,1026.7,0.08715,1031.7,0.298987,1026.2,0.520563,1032.2,0.211284,1025.7,0.011123,1032.7,0.394143,1025.2,0.129945,1033.2,0.068134,1024.7,0.076799,1033.7,0.166112,1024.2,0.132414,1034.2,0.094318,1023.7,0.10341,1034.7,0.358142,1023.2,0.027213,1035.2,0.090531,1022.7,0.076532,1035.7,0.022471,1022.2,0.002191,1036.2,0.318503,1021.7,0.206777,1036.7,0.006663,1021.2,0.003485,1037.2,0.227647,1020.7,0.006569,1037.7,0.008699,1020.2,0.005646,1038.2,0.01844,1019.7,0.022614,1038.7,0.040031,1019.2,0.004122,1039.2,0.020315,3.8071,7.057227,-0.2992,,,
2025-09-19 16:01:19.059713,BTCUSDT,1028.0,0.1,1028.0,1028.1,1028.0,1028.0,35.9575,1028.0,0.994581,1028.1,0.02123,1027.5,1.118407,1028.6,1.263178,1027.0,0.016689,1029.1,0.052663,1026.5,0.334967,1029.6,0.145671,1026.0,0.03282,1030.1,0.256717,1025.5,0.062626,1030.6,0.030446,1025.0,0.042244,1031.1,0.272,1024.5,0.183836,1031.6,0.074496,1024.0,0.013657,1032.1,0.0728,1023.5,0.010649,1032.6,0.023978,1023.0,0.228478,1033.1,0.050098,1022.5,0.015836,1033.6,0.018774,1022.0,0.061583,1034.1,0.142817,1021.5,0.010013,1034.6,0.06967,1021.0,0.013331,1035.1,0.034038,1020.5,0.009096,1035.6,0.09065,1020.0,0.055523,1036.1,0.020585,1019.5,0.034422,1036.6,0.029432,1019.0,0.089044,1037.1,0.042232,1018.5,0.02977,1037.6,0.059736,3.357571,2.771212,0.0957,,,
2025-09-19 16:01:19.109713,BTCUSDT,1029.0,0.4,1028.9,1029.3,1028.7,1029.0,52.8658,1028.8,1.32955,1029.2,0.053855,1028.3,0.200638,1029.7,0.495626,1027.8,0.198099,1030.2,0.858711,1027.3,0.214073,1030.7,0.303539,1026.8,0.040546,1031.2,0.375344,1026.3,0.167397,1031.7,0.093387,1025.8,0.160769,1032.2,0.409579,1025.3,0.012606,1032.7,0.269691,1024.8,0.031584,1033.2,0.052781,1024.3,0.251506,1033.7,0.557031,1023.8,0.025429,1034.2,0.309881,1023.3,0.140058,1034.7,0.019558,1022.8,0.071354,1035.2,0.067741,1022.3,0.004269,1035.7,0.033374,1021.8,0.025671,1036.2,0.150109,1021.3,0.016397,1036.7,0.114734,1020.8,0.023372,1037.2,0.066068,1020.3,0.023484,1037.7,0.009949,1019.8,0.031416,1038.2,0.08483,1019.3,0.025706,1038.7,0.063738,2.993924,4.389526,-0.189,,,
2025-09-19 16:01:19.159713,BTCUSDT,1032.2,0.3,1032.1,1032.4,1032.0,1032.2,92.4906,1032.0,0.338515,1032.3,3.588776,1031.5,0.36907,1032.8,0.721556,1031.0,0.144308,1033.3,0.02125,1030.5,0.622392,1033.8,0.206881,1030.0,0.015068,1034.3,0.198113,1029.5,0.002826,1034.8,0.04291,1029.0,0.031767,1035.3,0.475139,1028.5,0.449381,1035.8,0.142509,1028.0,0.001,1036.3,0.022544,1027.5,0.073876,1036.8,0.04143,1027.0,0.014753,1037.3,0.016039,1026.5,0.143568,1037.8,0.057009,1026.0,0.039551,1038.3,0.005137,1025.5,0.043533,1038.8,0.05112,1025.0,0.07167,1039.3,0.0786,1024.5,0.101643,1039.8,0.222396,1024.0,0.017258,1040.3,0.056861,1023.5,0.011622,1040.8,0.087201,1023.0,0.132273,1041.3,0.041596,1022.5,0.017343,1041.8,0.007115,2.641417,6.084182,-0.3946,,,
2025-09-19 16:01:19.209713,BTCUSDT,1032.5,0.1,1032.5,1032.5,1032.4,1032.5,53.0974,1032.4,0.298604,1032.5,0.082068,1031.9,0.221691,1033.0,0.833092,1031.4,0.078017,1033.5,0.127092,1030.9,0.196187,1034.0,0.607012,1030.4,0.262893,1034.5,0.313676,1029.9,0.169679,1035.0,0.282776,1029.4,0.004504,1035.5,0.078123,1028.9,0.213312,1036.0,0.133566,1028.4,0.391712,1036.5,0.177103,1027.9,0.063498,1037.0,0.181305,1027.4,0.103724,1037.5,0.022129,1026.9,0.021111,1038.0,0.010328,1026.4,0.016162,1038.5,0.073479,1025.9,0.034198,1039.0,0.070572,1025.4,0.25454,1039.5,0.013394,1024.9,0.063692,1040.0,0.2418,1024.4,0.072651,1040.5,0.045165,1023.9,0.019034,1041.0,0.00988,1023.4,0.002971,1041.5,0.051228,1022.9,0.168794,1042.0,0.016546,2.656977,3.370333,-0.1184,1032.5,0.211086,-1.0
2025-09-19 16:01:19.259713,BTCUSDT,1030.1,2.6,1029.6,1031.5,1028.6,1030.1,99.4911,1028.9,0.001,1031.4,0.24302,1028.4,0.298368,1031.9,0.334724,1027.9,0.090189,1032.4,0.294812,1027.4,0.264837,1032.9,0.210107,1026.9,0.093567,1033.4,0.045739,1026.4,0.292989,1033.9,0.17729,1025.9,0.042768,1034.4,0.186698,1025.4,0.069837,1034.9,0.11256,1024.9,0.082993,1035.4,0.190906,1024.4,0.004345,1035.9,0.047907,1023.9,0.037799,1036.4,0.066004,1023.4,0.131336,1036.9,0.177799,1022.9,0.307558,1037.4,0.014397,1022.4,0.020839,1037.9,0.060049,1021.9,0.07671,1038.4,0.054529,1021.4,0.044735,1038.9,0.218401,1020.9,0.009383,1039.4,0.001,1020.4,0.016209,1039.9,0.028715,1019.9,0.056385,1040.4,0.01367,1019.4,0.01147,1040.9,0.042146,1.953317,2.520474,-0.1268,,,
2025-09-19 16:01:19.309713,BTCUSDT,1032.3,0.1,1032.2,1032.4,1032.2,1032.3,78.7167,1032.2,0.612936,1032.3,0.160735,1031.7,0.007996,1032.8,0.336009,1031.2,0.198081,1033.3,0.283024,1030.7,0.01621,1033.8,0.76542,1030.2,0.014194,1034.3,0.319023,1029.7,0.341788,1034.8,0.090384,1029.2,0.076293,1035.3,0.445773,1028.7,0.658171,1035.8,0.416107,1028.2,0.034495,1036.3,0.428291,1027.7,0.122829,1036.8,0.023683,1027.2,0.200115,1037.3,0.199705,1026.7,0.124389,1037.8,0.007052,1026.2,0.03007,1038.3,0.028806,1025.7,0.032478,1038.8,0.027816,1025.2,0.010267,1039.3,0.109483,1024.7,0.117522,1039.8,0.060861,1024.2,0.05928,1040.3,0.222803,1023.7,0.007905,1040.8,0.018973,1023.2,0.006063,1041.3,0.069959,1022.7,0.054902,1041.8,0.100069,2.725984,4.113979,-0.2029,,,
2025-09-19 16:01:19.359713,BTCUSDT,1031.4,4.2,1030.6,1034.1,1028.3,1031.4,76.2894,1029.3,0.094766,1033.5,0.464729,1028.8,0.393651,1034.0,0.241564,1028.3,0.626998,1034.5,0.747798,1027.8,0.637801,1035.0,0.082072,1027.3,0.013752,1035.5,0.134462,1026.8,0.254946,1036.0,0.016062,1026.3,0.053579,1036.5,0.248883,1025.8,0.024018,1037.0,0.178717,1025.3,0.071586,1037.5,0.351886,1024.8,0.170843,1038.0,0.086589,1024.3,0.011959,1038.5,0.003003,1023.8,0.293734,1039.0,0.11893,1023.3,0.061985,1039.5,0.169873,1022.8,0.043853,1040.0,0.202998,1022.3,0.007031,1040.5,0.062999,1021.8,0.002275,1041.0,0.013457,1021.3,0.028371,1041.5,0.019747,1020.8,0.114905,1042.0,0.002477,1020.3,0.147173,1042.5,0.015733,1019.8,0.072045,1043.0,0.018569,3.12527,3.180548,-0.0088,,,
2025-09-19 16:01:19.409713,BTCUSDT,1032.2,2.0,1031.9,1033.6,1030.2,1032.2,30.1795,1031.2,1.807695,1033.2,4.674096,1030.7,0.228874,1033.7,1.041204,1030.2,0.005287,1034.2,0.144376,1029.7,0.156055,1034.7,0.030278,1029.2,0.2693,1035.2,0.465424,1028.7,0.029434,1035.7,0.118079,1028.2,0.436089,1036.2,0.259595,1027.7,0.044352,1036.7,0.046002,1027.2,0.143159,1037.2,0.306813,1026.7,0.127568,1037.7,0.046858,1026.2,0.067546,1038.2,0.004837,1025.7,0.008552,1038.7,0.072256,1025.2,0.02324,1039.2,0.033333,1024.7,0.008035,1039.7,0.042221,1024.2,0.072498,1040.2,0.011635,1023.7,0.012558,1040.7,0.05607,1023.2,0.019496,1041.2,0.022486,1022.7,0.012156,1041.7,0.09495,1022.2,0.055209,1042.2,0.064657,1021.7,0.005421,1042.7,0.025801,3.532523,7.560972,-0.3631,1032.2,0.712593,1.0
2025-09-19 16:01:19.459713,BTCUSDT,1028.4,0.3,1028.3,1028.6,1028.2,1028.4,80.0762,1028.3,0.006187,1028.5,0.337937,1027.8,0.91803,1029.0,0.047255,1027.3,0.472996,1029.5,0.375272,1026.8,0.01702,1030.0,0.199779,1026.3,0.350944,1030.5,0.001,1025.8,0.008501,1031.0,0.187712,1025.3,0.20346,1031.5,0.039633,1024.8,0.052875,1032.0,0.447075,1024.3,0.081233,1032.5,0.001,1023.8,0.0059,1033.0,0.009864,1023.3,0.083575,1033.5,0.062298,1022.8,0.076021,1034.0,0.038094,1022.3,0.003643,1034.5,0.305664,1021.8,0.008551,1035.0,0.116742,1021.3,0.180906,1035.5,0.03759,1020.8,0.039327,1036.0,0.05739,1020.3,0.632621,1036.5,0.073287,1019.8,0.034817,1037.0,0.188361,1019.3,0.092835,1037.5,0.035719,1018.8,0.031989,1038.0,0.008095,3.301431,2.569766,0.1246,1028.4,0.131284,-1.0
2025-09-19 16:01:19.509713,BTCUSDT,1024.4,7.4,1023.6,1029.7,1018.8,1024.4,105.0634,1020.7,0.68301,1028.1,1.405195,1020.2,0.314224,1028.6,0.507116,1019.7,0.777131,1029.1,0.21829,1019.2,0.00766,1029.6,0.254374,1018.7,0.12857,1030.1,0.061081,1018.2,0.080838,1030.6,0.417943,1017.7,0.006556,1031.1,0.024356,1017.2,0.022369,1031.6,0.143578,1016.7,0.078708,1032.1,0.601898,1016.2,0.326163,1032.6,0.013951,1015.7,0.176706,1033.1,0.096059,1015.2,0.016175,1033.6,0.074745,1014.7,0.019305,1034.1,0.082692,1014.2,0.085016,1034.6,0.02994,1013.7,0.00136,1035.1,0.087814,1013.2,0.233635,1035.6,0.013576,1012.7,0.099697,1036.1,0.015639,1012.2,0.066791,1036.6,0.057205,1011.7,0.092236,1037.1,0.063455,1011.2,0.00681,1037.6,0.023626,3.222959,4.192533,-0.1307,,,
2025-09-19 16:01:19.559713,BTCUSDT,1026.4,0.5,1026.3,1026.7,1025.8,1026.4,284.7904,1026.1,0.630914,1026.6,0.660404,1025.6,2.56609,1027.1,0.035993,1025.1,0.898943,1027.6,0.006236,1024.6,0.272251,1028.1,0.370269,1024.1,0.152747,1028.6,0.052865,1023.6,0.208705,1029.1,0.169207,1023.1,0.028859,1029.6,0.084445,1022.6,0.084238,1030.1,0.140708,1022.1,0.039607,1030.6,0.05789,1021.6,0.086924,1031.1,0.036137,1021.1,0.02471,1031.6,0.003059,1020.6,0.049043,1032.1,0.10169,1020.1,0.032296,1032.6,0.144331,1019.6,0.059785,1033.1,0.176164,1019.1,0.03065,1033.6,0.061216,1018.6,0.04412,1034.1,0.040858,1018.1,0.096366,1034.6,0.052424,1017.6,0.066166,1035.1,0.118787,1017.1,0.009196,1035.6,0.001326,1016.6,0.012219,1036.1,0.004248,5.393827,2.318259,0.3988,1026.4,0.142848,1.0
2025-09-19 16:01:19.609713,BTCUSDT,1026.1,0.8,1025.9,1026.6,1025.6,1026.1,537.3794,1025.7,2.803759,1026.5,0.522542,1025.2,0.239364,1027.0,0.749145,1024.7,0.095548,1027.5,0.118806,1024.2,0.421383,1028.0,1.720679,1023.7,0.223646,1028.5,0.605131,1023.2,0.033557,1029.0,0.0408,1022.7,0.050636,1029.5,0.038327,1022.2,0.076496,1030.0,0.184779,1021.7,0.032346,1030.5,0.169313,1021.2,0.081604,1031.0,0.215446,1020.7,0.077363,1031.5,0.111228,1020.2,0.016273,1032.0,0.019907,1019.7,0.081089,1032.5,0.068382,1019.2,0.021011,1033.0,0.092136,1018.7,0.044588,1033.5,0.057625,1018.2,0.046032,1034.0,0.0741,1017.7,0.033114,1034.5,0.016994,1017.2,0.111452,1035.0,0.059712,1016.7,0.184828,1035.5,0.156385,1016.2,0.024354,1036.0,0.036074,4.698444,5.057511,-0.0368,,,
2025-09-19 16:01:19.659713,BTCUSDT,1025.6,3.6,1024.2,1027.6,1023.5,1025.6,134.7521,1023.8,1.443165,1027.5,1.297619,1023.3,0.518401,1028.0,0.077639,1022.8,0.126752,1028.5,0.948386,1022.3,0.191911,1029.0,0.022345,1021.8,0.02716,1029.5,0.190007,1021.3,0.079473,1030.0,0.060003,1020.8,0.026724,1030.5,0.273057,1020.3,0.104037,1031.0,0.772397,1019.8,0.030597,1031.5,0.01415,1019.3,0.075992,1032.0,0.009958,1018.8,0.095633,1032.5,0.0594,1018.3,0.005321,1033.0,0.107425,1017.8,0.109219,1033.5,0.104398,1017.3,0.052109,1034.0,0.017739,1016.8,0.083098,1034.5,0.003554,1016.3,0.015709,1035.0,0.063908,1015.8,0.008124,1035.5,0.005255,1015.3,0.032274,1036.0,0.004332,1014.8,0.001574,1036.5,0.023653,1014.3,0.068912,1037.0,0.201562,3.096184,4.256788,-0.1578,,,
2025-09-19 16:01:19.709713,BTCUSDT,1023.7,0.8,1023.5,1024.1,1022.9,1023.7,121.6791,1023.3,1.275661,1024.1,0.213535,1022.8,0.54374,1024.6,1.442742,1022.3,0.397179,1025.1,0.320843,1021.8,0.230751,1025.6,0.549477,1021.3,0.096966,1026.1,0.017378,1020.8,0.051849,1026.6,0.332723,1020.3,0.205874,1027.1,0.015196,1019.8,0.146317,1027.6,0.082512,1019.3,0.070494,1028.1,0.004768,1018.8,0.181884,1028.6,0.264091,1018.3,0.06629,1029.1,0.005348,1017.8,0.041503,1029.6,0.056962,1017.3,0.014253,1030.1,0.02569,1016.8,0.002262,1030.6,0.027539,1016.3,0.088049,1031.1,0.015387,1015.8,0.068775,1031.6,0.047728,1015.3,0.039473,1032.1,0.028983,1014.8,0.005149,1032.6,0.003009,1014.3,0.086671,1033.1,0.007227,1013.8,0.097557,1033.6,0.112416,3.710699,3.573554,0.0188,,,
2025-09-19 16:01:19.759713,BTCUSDT,1023.8,2.0,1023.5,1026.1,1022.6,1023.8,66.4897,1022.8,0.90158,1024.8,1.00975,1022.3,0.314759,1025.3,0.586857,1021.8,0.052112,1025.8,0.053574,1021.3,0.987872,1026.3,0.340333,1020.8,0.091564,1026.8,0.020331,1020.3,0.071195,1027.3,0.16051,1019.8,0.031101,1027.8,0.496108,1019.3,0.014541,1028.3,0.094104,1018.8,0.043197,1028.8,0.081546,1018.3,0.048697,1029.3,0.079474,1017.8,0.025722,1029.8,0.010455,1017.3,0.068451,1030.3,0.160011,1016.8,0.46595,1030.8,0.033368,1016.3,0.006795,1031.3,0.003493,1015.8,0.055969,1031.8,0.139706,1015.3,0.01752,1032.3,0.031928,1014.8,0.037687,1032.8,0.120586,1014.3,0.071655,1033.3,0.031044,1013.8,0.008848,1033.8,0.05095,1013.3,0.072484,1034.3,0.043749,3.387699,3.547878,-0.0231,1023.4,0.186413,-1.0
2025-09-19 16:01:19.809713,BTCUSDT,1025.9,2.3,1025.4,1027.5,1024.8,1025.9,128.3593,1024.8,1.281039,1027.1,1.077325,1024.3,0.016347,1027.6,0.229728,1023.8,1.109091,1028.1,0.053954,1023.3,0.116998,1028.6,0.192611,1022.8,0.097546,1029.1,0.128845,1022.3,0.13936,1029.6,0.40489,1021.8,0.004378,1030.1,0.087627,1021.3,0.036109,1030.6,0.052907,1020.8,0.098774,1031.1,0.250537,1020.3,0.035615,1031.6,0.008335,1019.8,0.037635,1032.1,0.088948,1019.3,0.013546,1032.6,0.00138,1018.8,0.097035,1033.1,0.039098,1018.3,0.117906,1033.6,0.043909,1017.8,0.033861,1034.1,0.104529,1017.3,0.00922,1034.6,0.012178,1016.8,0.033578,1035.1,0.20499,1016.3,0.029121,1035.6,0.012126,1015.8,0.068529,1036.1,0.018644,1015.3,0.00406,1036.6,0.051183,3.379747,3.063744,0.049,,,
2025-09-19 16:01:19.859713,BTCUSDT,1026.6,1.2,1026.0,1027.4,1025.8,1026.6,294.2998,1025.9,1.315086,1027.2,0.004091,1025.4,0.10212,1027.7,0.211064,1024.9,0.054669,1028.2,0.138758,1024.4,0.174608,1028.7,0.327811,1023.9,0.338066,1029.2,0.204509,1023.4,0.205141,1029.7,0.192028,1022.9,0.436925,1030.2,0.071848,1022.4,0.003678,1030.7,0.182596,1021.9,0.134453,1031.2,0.191447,1021.4,0.279969,1031.7,0.029746,1020.9,0.154522,1032.2,0.104227,1020.4,0.143025,1032.7,0.001,1019.9,0.024865,1033.2,0.056158,1019.4,0.023333,1033.7,0.007996,1018.9,0.058968,1034.2,0.01694,1018.4,0.04466,1034.7,0.049953,1017.9,0.012119,1035.2,0.015374,1017.4,0.016868,1035.7,0.066413,1016.9,0.141076,1036.2,0.057497,1016.4,0.040394,1036.7,0.230046,3.704544,2.159503,0.2635,,,
2025-09-19 16:01:19.909713,BTCUSDT,1026.5,1.4,1026.0,1027.3,1025.7,1026.5,19.9016,1025.8,0.681704,1027.2,2.563857,1025.3,1.027824,1027.7,0.607926,1024.8,0.016928,1028.2,0.623093,1024.3,0.30834,1028.7,0.067092,1023.8,0.128319,1029.2,0.174339,1023.3,0.222125,1029.7,0.228161,1022.8,0.010777,1030.2,0.212256,1022.3,0.197913,1030.7,0.03963,1021.8,0.124968,1031.2,0.165158,1021.3,0.261495,1031.7,0.157316,1020.8,0.037911,1032.2,0.176958,1020.3,0.022607,1032.7,0.020756,1019.8,0.153665,1033.2,0.004313,1019.3,0.052642,1033.7,0.087069,1018.8,0.03122,1034.2,0.124095,1018.3,0.015729,1034.7,0.066874,1017.8,0.015811,1035.2,0.063659,1017.3,0.039679,1035.7,0.01072,1016.8,0.012803,1036.2,0.028083,1016.3,0.012502,1036.7,0.065487,3.374964,5.486843,-0.2383,,,
2025-09-19 16:01:19.959713,BTCUSDT,1027.6,4.4,1026.1,1030.9,1025.3,1027.6,74.6629,1025.4,0.29578,1029.8,1.656693,1024.9,1.108847,1030.3,1.270304,1024.4,1.061815,1030.8,0.058934,1023.9,0.127194,1031.3,0.794136,1023.4,0.091241,1031.8,0.17586,1022.9,0.098704,1032.3,0.050065,1022.4,0.029473,1032.8,0.350221,1021.9,0.018589,1033.3,0.072437,1021.4,0.277686,1033.8,0.148915,1020.9,0.127545,1034.3,0.11603,1020.4,0.152674,1034.8,0.001,1019.9,0.022944,1035.3,0.241141,1019.4,0.008555,1035.8,0.008798,1018.9,0.017471,1036.3,0.042617,1018.4,0.025813,1036.8,0.024522,1017.9,0.002135,1037.3,0.002122,1017.4,0.001389,1037.8,0.02239,1016.9,0.060637,1038.3,0.124589,1016.4,0.016145,1038.8,0.075168,1015.9,0.070889,1039.3,0.131576,3.615523,5.367518,-0.195,,,
2025-09-19 16:01:20.009713,BTCUSDT,1029.8,5.1,1028.2,1035.6,1025.6,1029.8,30.3941,1027.2,1.53946,1032.4,0.079246,1026.7,1.616623,1032.9,0.047086,1026.2,0.382224,1033.4,0.585595,1025.7,0.066094,1033.9,0.001233,1025.2,0.04434,1034.4,0.110957,1024.7,0.436155,1034.9,0.098965,1024.2,0.390219,1035.4,0.194468,1023.7,0.054668,1035.9,0.297612,1023.2,0.041914,1036.4,0.036399,1022.7,0.042186,1036.9,0.019157,1022.2,0.010067,1037.4,0.187272,1021.7,0.069487,1037.9,0.009076,1021.2,0.049523,1038.4,0.039521,1020.7,0.070329,1038.9,0.076308,1020.2,0.07052,1039.4,0.022833,1019.7,0.02895,1039.9,0.05318,1019.2,0.109648,1040.4,0.085947,1018.7,0.051692,1040.9,0.046942,1018.2,0.017932,1041.4,0.123806,1017.7,0.04617,1041.9,0.01717,5.138201,2.13277,0.4133,,,
2025-09-19 16:01:20.059713,BTCUSDT,1030.8,4.9,1029.2,1035.0,1026.1,1030.8,90.6191,1028.3,3.714904,1033.3,1.268281,1027.8,1.462161,1033.8,0.256741,1027.3,0.031343,1034.3,0.619258,1026.8,0.124398,1034.8,0.014197,1026.3,0.087858,1035.3,0.444162,1025.8,0.026891,1035.8,0.109945,1025.3,0.070122,1036.3,0.033455,1024.8,0.054002,1036.8,0.043585,1024.3,0.025084,1037.3,0.032805,1023.8,0.150386,1037.8,0.106266,1023.3,0.112905,1038.3,0.105245,1022.8,0.016265,1038.8,0.24089,1022.3,0.004945,1039.3,0.206383,1021.8,0.024601,1039.8,0.126401,1021.3,0.047547,1040.3,0.002721,1020.8,0.038948,1040.8,0.299694,1020.3,0.097462,1041.3,0.029383,1019.8,0.224712,1041.8,0.046308,1019.3,0.029036,1042.3,0.043714,1018.8,0.008941,1042.8,0.141363,6.352512,4.170796,0.2073,,,
2025-09-19 16:01:20.109713,BTCUSDT,1028.1,1.0,1027.7,1028.9,1027.6,1028.1,146.465,1027.7,5.014147,1028.6,0.277264,1027.2,0.35365,1029.1,0.881211,1026.7,0.124885,1029.6,0.127571,1026.2,0.021795,1030.1,0.759006,1025.7,0.204119,1030.6,0.082271,1025.2,0.028619,1031.1,0.129169,1024.7,0.056727,1031.6,0.693025,1024.2,0.187585,1032.1,0.063452,1023.7,0.144723,1032.6,0.041076,1023.2,0.081806,1033.1,0.044708,1022.7,0.165042,1033.6,0.165927,1022.2,0.053655,1034.1,0.004289,1021.7,0.060383,1034.6,0.082961,1021.2,0.024025,1035.1,0.157975,1020.7,0.03375,1035.6,0.119146,1020.2,0.028481,1036.1,0.059615,1019.7,0.053702,1036.6,0.009399,1019.2,0.06668,1037.1,0.002044,1018.7,0.006839,1037.6,0.031205,1018.2,0.01069,1038.1,0.079088,6.721303,3.810402,0.2764,1027.5,0.01107,-1.0
2025-09-19 16:01:20.159713,BTCUSDT,1028.0,0.7,1027.8,1028.8,1027.5,1028.0,16.2872,1027.6,0.575795,1028.3,0.408158,1027.1,0.132348,1028.8,0.312564,1026.6,0.043162,1029.3,0.43265,1026.1,0.404241,1029.8,0.181604,1025.6,0.155506,1030.3,0.034495,1025.1,0.173916,1030.8,0.004809,1024.6,0.420166,1031.3,0.106876,1024.1,0.204391,1031.8,0.157963,1023.6,0.501533,1032.3,0.081191,1023.1,0.010372,1032.8,0.09647,1022.6,0.0905,1033.3,0.261872,1022.1,0.434681,1033.8,0.0278,1021.6,0.103928,1034.3,0.060023,1021.1,0.010276,1034.8,0.097859,1020.6,0.02923,1035.3,0.007823,1020.1,0.001,1035.8,0.164413,1019.6,0.073366,1036.3,0.113752,1019.1,0.0763,1036.8,0.029604,1018.6,0.290446,1037.3,0.080738,1018.1,0.037689,1037.8,0.08429,3.768846,2.744954,0.1572,1028.2,0.865302,1.0
2025-09-19 16:01:20.209713,BTCUSDT,1028.0,1.3,1027.8,1028.6,1026.7,1028.0,144.4242,1027.3,3.039228,1028.6,1.884683,1026.8,0.026421,1029.1,0.052532,1026.3,0.057789,1029.6,0.354394,1025.8,0.008079,1030.1,0.095681,1025.3,0.022968,1030.6,0.219851,1024.8,0.5187,1031.1,0.020981,1024.3,0.040905,1031.6,0.258793,1023.8,0.034881,1032.1,0.030124,1023.3,0.360335,1032.6,0.001658,1022.8,0.336467,1033.1,0.034511,1022.3,0.140399,1033.6,0.058234,1021.8,0.098839,1034.1,0.033779,1021.3,0.046561,1034.6,0.142742,1020.8,0.009432,1035.1,0.031936,1020.3,0.025863,1035.6,0.053568,1019.8,0.031907,1036.1,0.102775,1019.3,0.063181,1036.6,0.113492,1018.8,0.026876,1037.1,0.019918,1018.3,0.024769,1037.6,0.040744,1017.8,0.094404,1038.1,0.023875,5.008006,3.57427,0.1671,,,
2025-09-19 16:01:20.259713,BTCUSDT,1028.4,1.0,1028.1,1028.9,1027.5,1028.4,52.111,1027.9,0.556984,1028.9,1.208596,1027.4,1.542348,1029.4,0.051822,1026.9,0.001,1029.9,0.198269,1026.4,0.055727,1030.4,0.377365,1025.9,0.170333,1030.9,0.036901,1025.4,0.152254,1031.4,0.001862,1024.9,0.243106,1031.9,0.01542,1024.4,0.19313,1032.4,0.301339,1023.9,0.082353,1032.9,0.271914,1023.4,0.178472,1033.4,0.081171,1022.9,0.195273,1033.9,0.145503,1022.4,0.042091,1034.4,0.087726,1021.9,0.175549,1034.9,0.037844,1021.4,0.038308,1035.4,0.114311,1020.9,0.021806,1035.9,0.008047,1020.4,0.002334,1036.4,0.034932,1019.9,0.062915,1036.9,0.093132,1019.4,0.006549,1037.4,0.07928,1018.9,0.160288,1037.9,0.015386,1018.4,0.054204,1038.4,0.030052,3.935024,3.190873,0.1044,1028.2,0.427587,-1.0
2025-09-19 16:01:20.309713,BTCUSDT,1032.4,0.8,1032.2,1033.0,1032.0,1032.4,221.3515,1032.0,0.092921,1032.8,1.281865,1031.5,0.265465,1033.3,0.115149,1031.0,0.040643,1033.8,1.712853,1030.5,0.23249,1034.3,0.296079,1030.0,0.053747,1034.8,0.177433,1029.5,0.079657,1035.3,0.197985,1029.0,0.038075,1035.8,0.052901,1028.5,0.045935,1036.3,0.303009,1028.0,0.201829,1036.8,0.129392,1027.5,0.087722,1037.3,0.187694,1027.0,0.156709,1037.8,0.106853,1026.5,0.139483,1038.3,0.088741,1026.0,0.084352,1038.8,0.049839,1025.5,0.060742,1039.3,0.017083,1025.0,0.071759,1039.8,0.055426,1024.5,0.115107,1040.3,0.008633,1024.0,0.042297,1040.8,0.024543,1023.5,0.023428,1041.3,0.171065,1023.0,0.044945,1041.8,0.013831,1022.5,0.004982,1042.3,0.072305,1.882288,5.062678,-0.4579,,,
2025-09-19 16:01:20.359713,BTCUSDT,1032.5,1.7,1031.9,1033.4,1031.3,1032.5,145.5184,1031.6,1.359368,1033.3,0.619737,1031.1,0.137742,1033.8,0.769919,1030.6,0.064283,1034.3,1.299627,1030.1,0.035618,1034.8,0.504145,1029.6,0.046005,1035.3,0.042848,1029.1,0.035257,1035.8,0.226245,1028.6,0.002348,1036.3,0.02448,1028.1,0.049061,1036.8,0.20988,1027.6,0.296734,1037.3,0.148865,1027.1,0.033903,1037.8,0.032445,1026.6,0.360476,1038.3,0.090537,1026.1,0.310847,1038.8,0.022582,1025.6,0.08371,1039.3,0.108925,1025.1,0.157112,1039.8,0.360005,1024.6,0.337917,1040.3,0.027882,1024.1,0.01297,1040.8,0.015518,1023.6,0.004819,1041.3,0.053327,1023.1,0.051447,1041.8,0.013375,1022.6,0.003859,1042.3,0.08639,1022.1,0.038701,1042.8,0.026027,3.422176,4.68276,-0.1555,,,
2025-09-19 16:01:20.409713,BTCUSDT,1033.5,0.7,1033.4,1033.9,1032.8,1033.5,20.3512,1033.1,0.700277,1033.8,0.260307,1032.6,3.380119,1034.3,0.671128,1032.1,1.123802,1034.8,0.440773,1031.6,0.268289,1035.3,0.007495,1031.1,0.082052,1035.8,0.177767,1030.6,0.206479,1036.3,0.375236,1030.1,0.034894,1036.8,0.317055,1029.6,0.006207,1037.3,0.063015,1029.1,0.003308,1037.8,0.087225,1028.6,0.353122,1038.3,0.101578,1028.1,0.004731,1038.8,0.073019,1027.6,0.166516,1039.3,0.239486,1027.1,0.131326,1039.8,0.052775,1026.6,0.050006,1040.3,0.04594,1026.1,0.013233,1040.8,0.157883,1025.6,0.007083,1041.3,0.153471,1025.1,0.076531,1041.8,0.117415,1024.6,0.011761,1042.3,0.038443,1024.1,0.01102,1042.8,0.050148,1023.6,0.02027,1043.3,0.004485,6.651027,3.434645,0.3189,1033.1,0.076885,-1.0
2025-09-19 16:01:20.459713,BTCUSDT,1039.9,1.1,1039.5,1040.9,1038.8,1039.9,166.5575,1039.4,0.293568,1040.5,0.265879,1038.9,1.210147,1041.0,0.011298,1038.4,0.040648,1041.5,0.151303,1037.9,0.315799,1042.0,0.066863,1037.4,0.544301,1042.5,0.14289,1036.9,0.426173,1043.0,0.005192,1036.4,0.088964,1043.5,0.44165,1035.9,0.098117,1044.0,0.125891,1035.4,0.06401,1044.5,0.044132,1034.9,0.094113,1045.0,0.230209,1034.4,0.008144,1045.5,0.08363,1033.9,0.002163,1046.0,0.006271,1033.4,0.0165,1046.5,0.024686,1032.9,0.038617,1047.0,0.062726,1032.4,0.044672,1047.5,0.232246,1031.9,0.101616,1048.0,0.068669,1031.4,0.016182,1048.5,0.044313,1030.9,0.033339,1049.0,0.061413,1030.4,0.0028,1049.5,0.020195,1029.9,0.097824,1050.0,0.064686,3.537698,2.154141,0.2431,1039.8,0.679961,-1.0
2025-09-19 16:01:20.509713,BTCUSDT,1039.5,5.3,1037.8,1043.1,1035.4,1039.5,34.7043,1036.9,1.753358,1042.2,0.16164,1036.4,0.032607,1042.7,0.6753,1035.9,0.124107,1043.2,0.001024,1035.4,0.095021,1043.7,0.030761,1034.9,0.26484,1044.2,0.107229,1034.4,0.063932,1044.7,0.426113,1033.9,0.080814,1045.2,0.028166,1033.4,0.046468,1045.7,0.114814,1032.9,0.009389,1046.2,0.253577,1032.4,0.084827,1046.7,0.137966,1031.9,0.091403,1047.2,0.160844,1031.4,0.039372,1047.7,0.233808,1030.9,0.016899,1048.2,0.007133,1030.4,0.107707,1048.7,0.086707,1029.9,0.120042,1049.2,0.044541,1029.4,0.27076,1049.7,0.005447,1028.9,0.038308,1050.2,0.01303,1028.4,0.087266,1050.7,0.018028,1027.9,0.027054,1051.2,0.0367,1027.4,0.132231,1051.7,0.062427,3.486405,2.605258,0.1446,,,
2025-09-19 16:01:20.559713,BTCUSDT,1039.9,6.2,1040.1,1043.1,1033.6,1039.9,95.6255,1036.7,0.706359,1043.0,3.164288,1036.2,0.082615,1043.5,0.054632,1035.7,0.232457,1044.0,0.101282,1035.2,0.419611,1044.5,0.712618,1034.7,0.373497,1045.0,0.114368,1034.2,0.049219,1045.5,0.157476,1033.7,0.212992,1046.0,0.01538,1033.2,0.060187,1046.5,0.122261,1032.7,0.122972,1047.0,0.094955,1032.2,0.396785,1047.5,0.049151,1031.7,0.179986,1048.0,0.388425,1031.2,0.002211,1048.5,0.086891,1030.7,0.128851,1049.0,0.037931,1030.2,0.021671,1049.5,0.060958,1029.7,0.06919,1050.0,0.277611,1029.2,0.003164,1050.5,0.052518,1028.7,0.033035,1051.0,0.135661,1028.2,0.004548,1051.5,0.025782,1027.7,0.158528,1052.0,0.024689,1027.2,0.088122,1052.5,0.007944,3.346001,5.684824,-0.259,1043.6,0.135021,1.0
2025-09-19 16:01:20.609713,BTCUSDT,1040.7,3.7,1039.3,1044.5,1035.4,1040.7,78.1735,1038.8,0.236426,1042.5,0.426709,1038.3,1.425254,1043.0,0.333246,1037.8,0.125739,1043.5,0.216899,1037.3,0.308458,1044.0,1.27004,1036.8,0.243247,1044.5,1.1891,1036.3,0.315429,1045.0,0.089145,1035.8,0.20541,1045.5,0.446804,1035.3,0.103094,1046.0,0.061854,1034.8,0.012077,1046.5,0.024451,1034.3,0.116087,1047.0,0.278077,1033.8,0.035517,1047.5,0.242242,1033.3,0.026327,1048.0,0.013838,1032.8,0.028972,1048.5,0.004928,1032.3,0.083581,1049.0,0.016685,1031.8,0.004422,1049.5,0.029609,1031.3,0.013927,1050.0,0.02925,1030.8,0.021896,1050.5,0.078739,1030.3,0.037669,1051.0,0.006436,1029.8,0.148965,1051.5,0.036572,1029.3,0.066085,1052.0,0.021814,3.558585,4.816438,-0.1502,,,
2025-09-19 16:01:20.659713,BTCUSDT,1037.5,2.0,1037.1,1038.8,1036.2,1037.5,110.8868,1036.5,0.229763,1038.5,0.709755,1036.0,0.229342,1039.0,0.846559,1035.5,0.334563,1039.5,0.540405,1035.0,0.463301,1040.0,0.236617,1034.5,0.001,1040.5,0.267592,1034.0,0.079546,1041.0,0.073062,1033.5,0.14823,1041.5,0.079441,1033.0,0.120778,1042.0,0.205018,1032.5,0.014973,1042.5,0.011456,1032.0,0.075405,1043.0,0.005847,1031.5,0.008623,1043.5,0.129077,1031.0,0.002519,1044.0,0.044965,1030.5,0.061672,1044.5,0.065366,1030.0,0.177775,1045.0,0.022439,1029.5,0.124804,1045.5,0.009791,1029.0,0.188063,1046.0,0.009277,1028.5,0.03914,1046.5,0.026276,1028.0,0.008967,1047.0,0.038499,1027.5,0.027962,1047.5,0.052727,1027.0,0.1392,1048.0,0.105606,2.475624,3.479778,-0.1686,1039.1,0.268916,1.0
2025-09-19 16:01:20.709713,BTCUSDT,1038.4,0.5,1038.2,1038.7,1037.9,1038.4,99.6822,1038.1,0.227801,1038.6,0.172826,1037.6,1.486455,1039.1,1.666127,1037.1,0.11324,1039.6,0.104503,1036.6,0.414264,1040.1,0.022565,1036.1,0.114104,1040.6,0.251923,1035.6,0.222915,1041.1,0.172522,1035.1,0.202314,1041.6,0.025291,1034.6,0.244967,1042.1,0.501823,1034.1,0.093193,1042.6,0.00345,1033.6,0.021154,1043.1,0.096228,1033.1,0.074755,1043.6,0.049039,1032.6,0.0131,1044.1,0.150278,1032.1,0.032382,1044.6,0.208919,1031.6,0.057204,1045.1,0.044407,1031.1,0.028786,1045.6,0.100931,1030.6,0.013479,1046.1,0.046835,1030.1,0.020059,1046.6,0.102462,1029.6,0.076441,1047.1,0.026667,1029.1,0.013334,1047.6,0.129349,1028.6,0.024166,1048.1,0.029311,3.494112,3.905457,-0.0556,1038.1,0.297078,-1.0
2025-09-19 16:01:20.759713,BTCUSDT,1038.4,0.1,1038.4,1038.5,1038.3,1038.4,276.9444,1038.4,0.005251,1038.5,0.578509,1037.9,0.088199,1039.0,0.247594,1037.4,0.155995,1039.5,0.084119,1036.9,0.162522,1040.0,0.008853,1036.4,0.278215,1040.5,0.146286,1035.9,0.015339,1041.0,0.060281,1035.4,0.427497,1041.5,0.010654,1034.9,0.323209,1042.0,0.035502,1034.4,0.001,1042.5,0.136532,1033.9,0.086132,1043.0,0.025554,1033.4,0.006555,1043.5,0.100939,1032.9,0.204677,1044.0,0.01437,1032.4,0.087957,1044.5,0.060794,1031.9,0.00221,1045.0,0.069326,1031.4,0.046296,1045.5,0.014756,1030.9,0.042028,1046.0,0.305454,1030.4,0.064144,1046.5,0.069708,1029.9,0.09074,1047.0,0.05382,1029.4,0.239915,1047.5,0.080617,1028.9,0.008887,1048.0,0.266954,2.336768,2.370621,-0.0072,1038.4,0.08033,-1.0
2025-09-19 16:01:20.809713,BTCUSDT,1032.8,2.0,1032.3,1033.9,1030.5,1032.8,235.7184,1031.8,0.792091,1033.9,0.071088,1031.3,0.01268,1034.4,0.219172,1030.8,0.327736,1034.9,0.14057,1030.3,0.186629,1035.4,0.143883,1029.8,0.290766,1035.9,0.329923,1029.3,0.007883,1036.4,0.260463,1028.8,0.007705,1036.9,0.061702,1028.3,0.058883,1037.4,0.065431,1027.8,0.031939,1037.9,0.018698,1027.3,0.008541,1038.4,0.123752,1026.8,0.27554,1038.9,0.068086,1026.3,0.018769,1039.4,0.169242,1025.8,0.045731,1039.9,0.00649,1025.3,0.006748,1040.4,0.05004,1024.8,0.077873,1040.9,0.025262,1024.3,0.018039,1041.4,0.276529,1023.8,0.091098,1041.9,0.019695,1023.3,0.176899,1042.4,0.009929,1022.8,0.068656,1042.9,0.015006,1022.3,0.319931,1043.4,0.132903,2.824137,2.207864,0.1225,,,
2025-09-19 16:01:20.859713,BTCUSDT,1032.6,5.2,1031.1,1037.1,1029.9,1032.6,17.0044,1030.0,0.351664,1035.2,0.143608,1029.5,0.79367,1035.7,0.225402,1029.0,0.064414,1036.2,0.355744,1028.5,0.204085,1036.7,0.179055,1028.0,0.017589,1037.2,0.182476,1027.5,0.089298,1037.7,0.073577,1027.0,0.293049,1038.2,0.130972,1026.5,0.180042,1038.7,0.009677,1026.0,0.074777,1039.2,0.043392,1025.5,0.305181,1039.7,0.169999,1025.0,0.132982,1040.2,0.017653,1024.5,0.098718,1040.7,0.06465,1024.0,0.074386,1041.2,0.025614,1023.5,0.140845,1041.7,0.051437,1023.0,0.021602,1042.2,0.158939,1022.5,0.067879,1042.7,0.018202,1022.0,0.02267,1043.2,0.105486,1021.5,0.060788,1043.7,0.092841,1021.0,0.061161,1044.2,0.102016,1020.5,0.029705,1044.7,0.029193,3.084505,2.179931,0.1718,1031.0,0.546424,-1.0
2025-09-19 16:01:20.909713,BTCUSDT,1033.2,5.4,1032.4,1036.3,1030.2,1033.2,132.1383,1030.5,0.239057,1035.9,1.146136,1030.0,0.204144,1036.4,0.340306,1029.5,0.100988,1036.9,0.128369,1029.0,0.85787,1037.4,0.174608,1028.5,0.180508,1037.9,0.568491,1028.0,0.198307,1038.4,0.010577,1027.5,0.034036,1038.9,0.227496,1027.0,0.156692,1039.4,0.03123,1026.5,0.198873,1039.9,0.194007,1026.0,0.0117,1040.4,0.002434,1025.5,0.218271,1040.9,0.015771,1025.0,0.046274,1041.4,0.072762,1024.5,0.018536,1041.9,0.086653,1024.0,0.130708,1042.4,0.049215,1023.5,0.002552,1042.9,0.035265,1023.0,0.102077,1043.4,0.274715,1022.5,0.003231,1043.9,0.074428,1022.0,0.174141,1044.4,0.150375,1021.5,0.018352,1044.9,0.029136,1021.0,0.043418,1045.4,0.02394,2.939736,3.635916,-0.1059,1035.4,0.120972,1.0
2025-09-19 16:01:20.959713,BTCUSDT,1035.7,3.2,1035.7,1039.4,1032.0,1035.7,96.5674,1034.1,0.330429,1037.3,3.274165,1033.6,0.602313,1037.8,0.98135,1033.1,0.312006,1038.3,0.623436,1032.6,0.068847,1038.8,1.658638,1032.1,0.060209,1039.3,0.080553,1031.6,0.059652,1039.8,0.154507,1031.1,0.1496,1040.3,0.033177,1030.6,0.119961,1040.8,0.060209,1030.1,0.025743,1041.3,0.077254,1029.6,0.086726,1041.8,0.151085,1029.1,0.027177,1042.3,0.059182,1028.6,0.028123,1042.8,0.112722,1028.1,0.081308,1043.3,0.078719,1027.6,0.086848,1043.8,0.165689,1027.1,0.033555,1044.3,0.018263,1026.6,0.049745,1044.8,0.032998,1026.1,0.057148,1045.3,0.039873,1025.6,0.153598,1045.8,0.126684,1025.1,0.101525,1046.3,0.134991,1024.6,0.009262,1046.8,0.005146,2.443776,7.868641,-0.5261,,,
2025-09-19 16:01:21.009713,BTCUSDT,1036.7,1.1,1036.4,1037.3,1035.9,1036.7,132.5564,1036.2,0.965974,1037.3,0.324339,1035.7,0.44655,1037.8,0.883025,1035.2,0.60907,1038.3,0.123655,1034.7,0.189122,1038.8,0.348446,1034.2,0.465178,1039.3,0.0341,1033.7,0.622723,1039.8,0.124587,1033.2,0.087537,1040.3,0.350658,1032.7,0.160121,1040.8,0.015043,1032.2,0.115405,1041.3,0.015568,1031.7,0.025442,1041.8,0.0434,1031.2,0.004155,1042.3,0.008334,1030.7,0.017529,1042.8,0.085604,1030.2,0.040608,1043.3,0.050614,1029.7,0.062211,1043.8,0.020176,1029.2,0.01816,1044.3,0.252147,1028.7,0.096263,1044.8,0.011847,1028.2,0.154931,1045.3,0.007147,1027.7,0.048642,1045.8,0.14366,1027.2,0.011984,1046.3,0.101818,1026.7,0.040172,1046.8,0.006417,4.181776,2.950583,0.1726,1037.5,0.11307,1.0
2025-09-19 16:01:21.059713,BTCUSDT,1038.7,0.7,1038.6,1039.1,1037.7,1038.7,98.4495,1038.3,1.414167,1039.0,3.754947,1037.8,0.448507,1039.5,0.491979,1037.3,0.615766,1040.0,0.656024,1036.8,0.092928,1040.5,0.03918,1036.3,0.140947,1041.0,0.02011,1035.8,0.034585,1041.5,0.147667,1035.3,0.144372,1042.0,0.099886,1034.8,0.116252,1042.5,0.023252,1034.3,0.017755,1043.0,0.124081,1033.8,0.051147,1043.5,0.070983,1033.3,0.022838,1044.0,0.331071,1032.8,0.061528,1044.5,0.001418,1032.3,0.015714,1045.0,0.037226,1031.8,0.04057,1045.5,0.074235,1031.3,0.100006,1046.0,0.005372,1030.8,0.022691,1046.5,0.010365,1030.3,0.001,1047.0,0.100409,1029.8,0.006151,1047.5,0.038903,1029.3,0.088099,1048.0,0.035755,1028.8,0.053186,1048.5,0.104345,3.488209,6.167207,-0.2775,1038.5,0.426804,-1.0
2025-09-19 16:01:21.109713,BTCUSDT,1037.2,0.2,1037.2,1037.4,1037.1,1037.2,211.3923,1037.1,1.821789,1037.3,2.542959,1036.6,0.4767,1037.8,0.291481,1036.1,0.041902,1038.3,0.102788,1035.6,0.155685,1038.8,0.050982,1035.1,0.272898,1039.3,0.453219,1034.6,0.03861,1039.8,0.062497,1034.1,0.056888,1040.3,0.057733,1033.6,0.080718,1040.8,0.076558,1033.1,0.301626,1041.3,0.068406,1032.6,0.111748,1041.8,0.121112,1032.1,0.028558,1042.3,0.019947,1031.6,0.172468,1042.8,0.098084,1031.1,0.091142,1043.3,0.035281,1030.6,0.111046,1043.8,0.002396,1030.1,0.037612,1044.3,0.067993,1029.6,0.006738,1044.8,0.013412,1029.1,0.032598,1045.3,0.134107,1028.6,0.080581,1045.8,0.020488,1028.1,0.129901,1046.3,0.054587,1027.6,0.028775,1046.8,0.050769,4.077985,4.324798,-0.0294,,,
2025-09-19 16:01:21.159713,BTCUSDT,1035.1,0.3,1035.0,1035.3,1034.9,1035.1,347.1971,1035.0,0.797463,1035.3,0.566413,1034.5,0.15795,1035.8,0.649322,1034.0,0.183219,1036.3,0.214821,1033.5,0.136674,1036.8,0.229124,1033.0,0.097696,1037.3,0.249814,1032.5,0.007274,1037.8,0.346587,1032.0,0.078572,1038.3,0.107773,1031.5,0.03865,1038.8,0.021301,1031.0,0.047295,1039.3,0.013233,1030.5,0.034874,1039.8,0.722728,1030.0,0.013533,1040.3,0.139318,1029.5,0.028179,1040.8,0.007348,1029.0,0.007187,1041.3,0.155833,1028.5,0.032666,1041.8,0.028547,1028.0,0.055478,1042.3,0.133645,1027.5,0.041057,1042.8,0.03017,1027.0,0.079128,1043.3,0.036296,1026.5,0.02687,1043.8,0.026249,1026.0,0.007311,1044.3,0.004124,1025.5,0.038319,1044.8,0.020576,1.909394,3.703222,-0.3196,,,
2025-09-19 16:01:21.209713,BTCUSDT,1031.8,2.1,1031.3,1035.5,1030.2,1031.8,318.8781,1030.7,1.294593,1032.9,1.926872,1030.2,0.256443,1033.4,0.103442,1029.7,0.796693,1033.9,0.646017,1029.2,0.001461,1034.4,0.123707,1028.7,0.286676,1034.9,0.052581,1028.2,0.086692,1035.4,0.088614,1027.7,0.095334,1035.9,0.129696,1027.2,0.005622,1036.4,0.13185,1026.7,0.917956,1036.9,0.072425,1026.2,0.142652,1037.4,0.161142,1025.7,0.020804,1037.9,0.006639,1025.2,0.078682,1038.4,0.108115,1024.7,0.077098,1038.9,0.008017,1024.2,0.145284,1039.4,0.01828,1023.7,0.074202,1039.9,0.001,1023.2,0.010029,1040.4,0.045342,1022.7,0.092645,1040.9,0.003657,1022.2,0.057208,1041.4,0.001985,1021.7,0.056195,1041.9,0.0407,1021.2,0.043309,1042.4,0.028493,4.539578,3.698574,0.1021,1030.9,0.108622,-1.0
2025-09-19 16:01:21.259713,BTCUSDT,1030.3,5.2,1029.5,1033.0,1027.7,1030.3,296.5872,1027.7,0.677417,1032.9,1.143305,1027.2,0.645129,1033.4,1.505566,1026.7,0.664572,1033.9,0.0861,1026.2,0.101294,1034.4,0.060294,1025.7,0.024416,1034.9,0.362992,1025.2,0.420504,1035.4,0.013055,1024.7,0.06773,1035.9,0.682908,1024.2,0.094982,1036.4,0.108931,1023.7,0.249668,1036.9,0.083861,1023.2,0.032215,1037.4,0.101581,1022.7,0.058994,1037.9,0.35897,1022.2,0.161649,1038.4,0.02257,1021.7,0.067747,1038.9,0.059802,1021.2,0.053833,1039.4,0.078027,1020.7,0.081408,1039.9,0.048363,1020.2,0.028537,1040.4,0.045863,1019.7,0.038372,1040.9,0.07444,1019.2,0.045232,1041.4,0.096135,1018.7,0.104247,1041.9,0.035768,1018.2,0.015102,1042.4,0.097122,3.633048,5.065651,-0.1647,1029.0,0.011583,-1.0
2025-09-19 16:01:21.309713,BTCUSDT,1033.2,0.2,1033.2,1033.3,1033.0,1033.2,221.018,1033.1,0.26315,1033.3,1.149047,1032.6,0.258369,1033.8,0.095121,1032.1,0.897905,1034.3,0.450842,1031.6,0.02462,1034.8,0.559653,1031.1,0.134018,1035.3,0.132887,1030.6,0.194859,1035.8,0.131021,1030.1,0.021089,1036.3,0.004878,1029.6,0.090437,1036.8,0.078482,1029.1,0.056503,1037.3,0.013708,1028.6,0.075544,1037.8,0.062423,1028.1,0.002881,1038.3,0.066061,1027.6,0.020892,1038.8,0.001,1027.1,0.050246,1039.3,0.036491,1026.6,0.187617,1039.8,0.030801,1026.1,0.002958,1040.3,0.105558,1025.6,0.031211,1040.8,0.102949,1025.1,0.007062,1041.3,0.02253,1024.6,0.003602,1041.8,0.002549,1024.1,0.078684,1042.3,0.023414,1023.6,0.044129,1042.8,0.101199,2.445775,3.170614,-0.1291,1033.2,0.206411,-1.0
2025-09-19 16:01:21.359713,BTCUSDT,1036.7,1.8,1036.2,1040.0,1035.8,1036.7,98.6586,1035.8,0.088332,1037.6,0.452158,1035.3,0.336729,1038.1,0.536105,1034.8,0.484995,1038.6,0.223017,1034.3,0.132089,1039.1,0.270769,1033.8,0.458648,1039.6,0.217286,1033.3,0.406581,1040.1,0.237894,1032.8,0.216214,1040.6,0.05569,1032.3,0.060637,1041.1,0.199344,1031.8,0.105311,1041.6,0.004886,1031.3,0.283781,1042.1,0.164411,1030.8,0.007543,1042.6,0.040319,1030.3,0.087847,1043.1,0.029436,1029.8,0.10151,1043.6,0.099231,1029.3,0.228978,1044.1,0.135767,1028.8,0.028032,1044.6,0.023279,1028.3,0.016379,1045.1,0.057229,1027.8,0.024864,1045.6,0.078044,1027.3,0.004578,1046.1,0.115975,1026.8,0.178042,1046.6,0.068316,1026.3,0.19941,1047.1,0.027725,3.450501,3.036882,0.0638,1036.9,0.003855,1.0
2025-09-19 16:01:21.409713,BTCUSDT,1033.8,8.7,1031.7,1038.4,1027.6,1033.8,65.4904,1029.5,1.184343,1038.2,0.293477,1029.0,1.077504,1038.7,0.159831,1028.5,0.243502,1039.2,0.255862,1028.0,0.108238,1039.7,0.150028,1027.5,0.124073,1040.2,0.030228,1027.0,0.076774,1040.7,1.150245,1026.5,0.212266,1041.2,0.258792,1026.0,0.100152,1041.7,0.046938,1025.5,0.102534,1042.2,0.20669,1025.0,0.042785,1042.7,0.032001,1024.5,0.175474,1043.2,0.172072,1024.0,0.101942,1043.7,0.00347,1023.5,0.200811,1044.2,0.004155,1023.0,0.009459,1044.7,0.145356,1022.5,0.048347,1045.2,0.09615,1022.0,0.011032,1045.7,0.009297,1021.5,0.050202,1046.2,0.029552,1021.0,0.033327,1046.7,0.023169,1020.5,0.024662,1047.2,0.031576,1020.0,0.018597,1047.7,0.227164,3.946026,3.326051,0.0853,1030.5,0.151413,-1.0
2025-09-19 16:01:21.459713,BTCUSDT,1035.0,4.8,1033.7,1037.7,1032.4,1035.0,75.5534,1032.7,1.751263,1037.4,0.15186,1032.2,0.414481,1037.9,0.918031,1031.7,0.103899,1038.4,0.270441,1031.2,0.055988,1038.9,0.076127,1030.7,0.177865,1039.4,0.150536,1030.2,0.092486,1039.9,0.018353,1029.7,0.026954,1040.4,0.054156,1029.2,0.096946,1040.9,0.023586,1028.7,0.158488,1041.4,0.215153,1028.2,0.125032,1041.9,0.059637,1027.7,0.149409,1042.4,0.076073,1027.2,0.0018,1042.9,0.099672,1026.7,0.003695,1043.4,0.126483,1026.2,0.01944,1043.9,0.097651,1025.7,0.04692,1044.4,0.028145,1025.2,0.035147,1044.9,0.205273,1024.7,0.052865,1045.4,0.030518,1024.2,0.011251,1045.9,0.022351,1023.7,0.013858,1046.4,0.05067,1023.2,0.034504,1046.9,0.078388,3.37229,2.753105,0.1011,,,
2025-09-19 16:01:21.509713,BTCUSDT,1035.8,0.5,1035.8,1036.2,1035.4,1035.8,42.8805,1035.6,0.00211,1036.0,1.799391,1035.1,0.569724,1036.5,2.475288,1034.6,0.179487,1037.0,0.399254,1034.1,0.056164,1037.5,0.007122,1033.6,0.195349,1038.0,0.0454,1033.1,0.177015,1038.5,0.167732,1032.6,0.045291,1039.0,0.130435,1032.1,0.030859,1039.5,0.103351,1031.6,0.147463,1040.0,0.116031,1031.1,0.08293,1040.5,0.018675,1030.6,0.032473,1041.0,0.044786,1030.1,0.057644,1041.5,0.008417,1029.6,0.075799,1042.0,0.040959,1029.1,0.001,1042.5,0.048234,1028.6,0.020251,1043.0,0.080386,1028.1,0.088644,1043.5,0.050072,1027.6,0.108679,1044.0,0.007235,1027.1,0.032435,1044.5,0.009019,1026.6,0.020855,1045.0,0.059568,1026.1,0.007443,1045.5,0.064844,1.931615,5.676198,-0.4922,1035.6,0.044281,-1.0
2025-09-19 16:01:21.559713,BTCUSDT,1035.8,0.4,1035.6,1036.0,1035.6,1035.8,153.4068,1035.6,0.384337,1036.0,2.235971,1035.1,0.033113,1036.5,1.466424,1034.6,0.230751,1037.0,0.501964,1034.1,0.146407,1037.5,0.486825,1033.6,0.188624,1038.0,0.313919,1033.1,0.095401,1038.5,0.001378,1032.6,0.101363,1039.0,0.021331,1032.1,0.036531,1039.5,0.044382,1031.6,0.401192,1040.0,0.114486,1031.1,0.069938,1040.5,0.170714,1030.6,0.158048,1041.0,0.077953,1030.1,0.034757,1041.5,0.234745,1029.6,0.193261,1042.0,0.060206,1029.1,0.03184,1042.5,0.325939,1028.6,0.054981,1043.0,0.004754,1028.1,0.005003,1043.5,0.045569,1027.6,0.01535,1044.0,0.084118,1027.1,0.084839,1044.5,0.012384,1026.6,0.013867,1045.0,0.117845,1026.1,0.179873,1045.5,0.031133,2.459475,6.35204,-0.4418,1035.8,0.006171,-1.0
2025-09-19 16:01:21.609713,BTCUSDT,1033.0,0.4,1033.0,1033.2,1032.8,1033.0,227.1516,1032.8,0.806413,1033.2,0.001793,1032.3,1.341135,1033.7,1.272046,1031.8,0.138555,1034.2,0.048621,1031.3,0.427569,1034.7,0.699442,1030.8,0.6176,1035.2,0.038844,1030.3,0.13462,1035.7,0.069995,1029.8,0.015445,1036.2,0.109959,1029.3,0.109038,1036.7,0.234043,1028.8,0.007705,1037.2,0.039933,1028.3,0.031402,1037.7,0.033873,1027.8,0.141006,1038.2,0.156566,1027.3,0.111887,1038.7,0.01825,1026.8,0.028045,1039.2,0.039436,1026.3,0.022045,1039.7,0.066274,1025.8,0.02444,1040.2,0.173721,1025.3,0.009428,1040.7,0.00932,1024.8,0.002118,1041.2,0.011859,1024.3,0.020926,1041.7,0.0517,1023.8,0.008733,1042.2,0.056462,1023.3,0.106112,1042.7,0.022497,4.104221,3.154634,0.1308,,,
2025-09-19 16:01:21.659713,BTCUSDT,1030.2,0.7,1030.1,1030.9,1029.5,1030.2,45.252,1029.9,0.077146,1030.6,0.297063,1029.4,0.732779,1031.1,0.073426,1028.9,0.001,1031.6,0.134978,1028.4,0.059458,1032.1,0.524466,1027.9,0.186234,1032.6,0.033157,1027.4,0.001,1033.1,0.346528,1026.9,0.034582,1033.6,0.3025,1026.4,0.320046,1034.1,0.235262,1025.9,0.351843,1034.6,0.006762,1025.4,0.032227,1035.1,0.163141,1024.9,0.011032,1035.6,0.056013,1024.4,0.073738,1036.1,0.026004,1023.9,0.022535,1036.6,0.128651,1023.4,0.024494,1037.1,0.005674,1022.9,0.00696,1037.6,0.169387,1022.4,0.032533,1038.1,0.017865,1021.9,0.016747,1038.6,0.015674,1021.4,0.007544,1039.1,0.076274,1020.9,0.002172,1039.6,0.079558,1020.4,0.009358,1040.1,0.012849,2.003427,2.705233,-0.149,,,
2025-09-19 16:01:21.709713,BTCUSDT,1029.7,0.6,1029.6,1030.0,1028.9,1029.7,125.5331,1029.4,0.347359,1030.0,0.071673,1028.9,0.364877,1030.5,0.019302,1028.4,0.577131,1031.0,0.2455,1027.9,0.452136,1031.5,0.087595,1027.4,0.030886,1032.0,0.543959,1026.9,0.148144,1032.5,0.647665,1026.4,0.013312,1033.0,0.55335,1025.9,0.049662,1033.5,0.137034,1025.4,0.003697,1034.0,0.072139,1024.9,0.177008,1034.5,0.134888,1024.4,0.06559,1035.0,0.040347,1023.9,0.021519,1035.5,0.016433,1023.4,0.061963,1036.0,0.001949,1022.9,0.338419,1036.5,0.045442,1022.4,0.03153,1037.0,0.001897,1021.9,0.026397,1037.5,0.136405,1021.4,0.134603,1038.0,0.091154,1020.9,0.03619,1038.5,0.0022,1020.4,0.068151,1039.0,0.034938,1019.9,0.027684,1039.5,0.025493,2.976258,2.909363,0.0114,,,
2025-09-19 16:01:21.759713,BTCUSDT,1029.6,1.8,1028.8,1030.8,1028.6,1029.6,241.4199,1028.7,0.823677,1030.5,1.452172,1028.2,0.056823,1031.0,0.096093,1027.7,0.002383,1031.5,0.217986,1027.2,0.247061,1032.0,0.153052,1026.7,0.113995,1032.5,0.164946,1026.2,0.223806,1033.0,0.001,1025.7,0.029635,1033.5,0.03564,1025.2,0.151867,1034.0,0.072335,1024.7,0.025292,1034.5,0.052125,1024.2,0.125611,1035.0,0.023843,1023.7,0.150105,1035.5,0.084604,1023.2,0.101341,1036.0,0.098238,1022.7,0.236928,1036.5,0.011379,1022.2,0.02601,1037.0,0.015099,1021.7,0.025028,1037.5,0.057448,1021.2,0.021222,1038.0,0.041662,1020.7,0.007728,1038.5,0.010234,1020.2,0.065317,1039.0,0.024111,1019.7,0.15745,1039.5,0.103563,1019.2,0.035932,1040.0,0.074431,2.627209,2.789959,-0.03,1029.4,2.167779,-1.0
2025-09-19 16:01:21.809713,BTCUSDT,1030.5,6.2,1029.1,1034.1,1026.5,1030.5,133.1853,1027.4,0.177238,1033.6,1.375958,1026.9,1.380937,1034.1,2.395739,1026.4,0.939422,1034.6,0.208962,1025.9,0.248272,1035.1,0.098062,1025.4,0.083243,1035.6,0.103855,1024.9,0.059011,1036.1,0.313662,1024.4,0.028992,1036.6,0.052094,1023.9,0.161698,1037.1,0.182805,1023.4,0.097832,1037.6,0.02128,1022.9,0.064474,1038.1,0.108657,1022.4,0.166176,1038.6,0.150227,1021.9,0.01037,1039.1,0.154512,1021.4,0.043944,1039.6,0.046195,1020.9,0.095258,1040.1,0.003809,1020.4,0.102849,1040.6,0.003954,1019.9,0.018037,1041.1,0.069158,1019.4,0.098226,1041.6,0.008252,1018.9,0.037299,1042.1,0.241727,1018.4,0.10556,1042.6,0.066537,1017.9,0.032356,1043.1,0.052082,3.951194,5.657525,-0.1776,1028.1,2.153275,-1.0
2025-09-19 16:01:21.859713,BTCUSDT,1027.3,4.8,1026.8,1030.7,1023.4,1027.3,168.2888,1024.9,5.955807,1029.7,0.096853,1024.4,0.343377,1030.2,0.098915,1023.9,1.188528,1030.7,0.252459,1023.4,0.051213,1031.2,0.261658,1022.9,0.337648,1031.7,0.03624,1022.4,0.707482,1032.2,0.018335,1021.9,0.287081,1032.7,0.050622,1021.4,0.094899,1033.2,0.563874,1020.9,0.082551,1033.7,0.066132,1020.4,0.137378,1034.2,0.191213,1019.9,0.039044,1034.7,0.056874,1019.4,0.03125,1035.2,0.119648,1018.9,0.230697,1035.7,0.004268,1018.4,0.191972,1036.2,0.117916,1017.9,0.139024,1036.7,0.095915,1017.4,0.03638,1037.2,0.018778,1016.9,0.006663,1037.7,0.011479,1016.4,0.03715,1038.2,0.094575,1015.9,0.275051,1038.7,0.011313,1015.4,0.039414,1039.2,0.008836,10.212609,2.175902,0.6487,,,
2025-09-19 16:01:21.909713,BTCUSDT,1028.8,1.8,1028.3,1030.0,1027.6,1028.8,297.0973,1027.9,0.060659,1029.7,2.266892,1027.4,0.207134,1030.2,0.724217,1026.9,0.146154,1030.7,0.015195,1026.4,0.220164,1031.2,0.437301,1025.9,0.052512,1031.7,0.090688,1025.4,0.175605,1032.2,0.213312,1024.9,0.027561,1032.7,0.001,1024.4,0.29213,1033.2,0.004744,1023.9,0.106575,1033.7,0.121677,1023.4,0.029172,1034.2,0.116287,1022.9,0.180862,1034.7,0.035792,1022.4,0.085319,1035.2,0.008448,1021.9,0.090057,1035.7,0.036374,1021.4,0.105475,1036.2,0.156078,1020.9,0.041934,1036.7,0.042985,1020.4,0.180726,1037.2,0.025354,1019.9,0.029266,1037.7,0.05778,1019.4,0.09449,1038.2,0.051498,1018.9,0.046461,1038.7,0.020915,1018.4,0.054558,1039.2,0.052906,2.226815,4.479443,-0.3359,,,
2025-09-19 16:01:21.959713,BTCUSDT,1027.7,0.6,1027.5,1028.2,1027.4,1027.7,130.5585,1027.4,2.544976,1028.0,1.691476,1026.9,0.219587,1028.5,0.263935,1026.4,0.0634,1029.0,0.004131,1025.9,0.186019,1029.5,0.171122,1025.4,0.01001,1030.0,0.012421,1024.9,0.184432,1030.5,0.146437,1024.4,0.151782,1031.0,0.057965,1023.9,0.026702,1031.5,0.232941,1023.4,0.174193,1032.0,0.033984,1022.9,0.014398,1032.5,0.205893,1022.4,0.01258,1033.0,0.029252,1021.9,0.112308,1033.5,0.0412,1021.4,0.126146,1034.0,0.009108,1020.9,0.024101,1034.5,0.014817,1020.4,0.00369,1035.0,0.056108,1019.9,0.173896,1035.5,0.014267,1019.4,0.017522,1036.0,0.030604,1018.9,0.004568,1036.5,0.073028,1018.4,0.050725,1037.0,0.090847,1017.9,0.026714,1037.5,0.086173,4.127749,3.26571,0.1166,1027.6,0.373799,-1.0
2025-09-19 16:01:22.009713,BTCUSDT,1028.0,0.8,1027.7,1029.1,1027.6,1028.0,100.3384,1027.6,0.254656,1028.4,0.65784,1027.1,0.025667,1028.9,0.646699,1026.6,0.293784,1029.4,0.787675,1026.1,0.339264,1029.9,0.554775,1025.6,0.369283,1030.4,0.191383,1025.1,0.172137,1030.9,0.018013,1024.6,0.076226,1031.4,0.084482,1024.1,0.074439,1031.9,0.023125,1023.6,0.031149,1032.4,0.266934,1023.1,0.036717,1032.9,0.077167,1022.6,0.243402,1033.4,0.004693,1022.1,0.018228,1033.9,0.041886,1021.6,0.048465,1034.4,0.060877,1021.1,0.335701,1034.9,0.078751,1020.6,0.021616,1035.4,0.03003,1020.1,0.169649,1035.9,0.155895,1019.6,0.04638,1036.4,0.082389,1019.1,0.173861,1036.9,0.006643,1018.6,0.194533,1037.4,0.08909,1018.1,0.100352,1037.9,0.005438,3.025507,3.863785,-0.1217,,,
2025-09-19 16:01:22.059713,BTCUSDT,1027.0,6.0,1024.6,1030.9,1019.9,1027.0,68.7372,1024.0,0.110313,1030.0,0.928283,1023.5,0.301099,1030.5,0.019,1023.0,0.504396,1031.0,0.402304,1022.5,0.12519,1031.5,0.696505,1022.0,0.276541,1032.0,0.014156,1021.5,0.092624,1032.5,0.140285,1021.0,0.031319,1033.0,0.189903,1020.5,0.049547,1033.5,0.083351,1020.0,0.153305,1034.0,0.043333,1019.5,0.086628,1034.5,0.346386,1019.0,0.007929,1035.0,0.121688,1018.5,0.0733,1035.5,0.043848,1018.0,0.074245,1036.0,0.030602,1017.5,0.042193,1036.5,0.025885,1017.0,0.056684,1037.0,0.023933,1016.5,0.003538,1037.5,0.056624,1016.0,0.091867,1038.0,0.007856,1015.5,0.022325,1038.5,0.19181,1015.0,0.005634,1039.0,0.086296,1014.5,0.018068,1039.5,0.010049,2.126743,3.462097,-0.2389,,,
2025-09-19 16:01:22.109713,BTCUSDT,1026.1,2.3,1025.5,1027.5,1023.0,1026.1,30.7566,1024.9,0.906113,1027.2,0.173869,1024.4,0.134783,1027.7,0.735553,1023.9,0.160757,1028.2,0.031179,1023.4,0.158821,1028.7,0.132542,1022.9,0.249493,1029.2,0.225217,1022.4,0.001,1029.7,0.372249,1021.9,0.044141,1030.2,0.32652,1021.4,0.0076,1030.7,0.018971,1020.9,0.082109,1031.2,0.03376,1020.4,0.123103,1031.7,0.047475,1019.9,0.044885,1032.2,0.197067,1019.4,0.066761,1032.7,0.016303,1018.9,0.004689,1033.2,0.15656,1018.4,0.081157,1033.7,0.131805,1017.9,0.019929,1034.2,0.088578,1017.4,0.041191,1034.7,0.017235,1016.9,0.114065,1035.2,0.011625,1016.4,0.001,1035.7,0.045111,1015.9,0.017875,1036.2,0.053655,1015.4,0.023345,1036.7,0.021911,2.282818,2.837184,-0.1083,,,
2025-09-19 16:01:22.159713,BTCUSDT,1029.9,0.5,1029.7,1030.8,1029.6,1029.9,120.9521,1029.6,1.098851,1030.1,0.469552,1029.1,0.120681,1030.6,0.340699,1028.6,0.020011,1031.1,0.530436,1028.1,0.214485,1031.6,0.022419,1027.6,0.025212,1032.1,0.306127,1027.1,0.033173,1032.6,0.055575,1026.6,0.096105,1033.1,0.11487,1026.1,0.019689,1033.6,0.018143,1025.6,0.016578,1034.1,0.092452,1025.1,0.011403,1034.6,0.030841,1024.6,0.014541,1035.1,0.056082,1024.1,0.081796,1035.6,0.022824,1023.6,0.011029,1036.1,0.124496,1023.1,0.061411,1036.6,0.025172,1022.6,0.030395,1037.1,0.190915,1022.1,0.080816,1037.6,0.067312,1021.6,0.046108,1038.1,0.136282,1021.1,0.036046,1038.6,0.274431,1020.6,0.082596,1039.1,0.012092,1020.1,0.013118,1039.6,0.001718,2.114043,2.89244,-0.1555,1029.7,0.064465,-1.0
2025-09-19 16:01:22.209713,BTCUSDT,1032.9,0.8,1032.8,1033.4,1032.4,1032.9,86.6823,1032.5,2.167385,1033.3,1.216225,1032.0,0.400336,1033.8,0.481615,1031.5,0.610944,1034.3,0.362304,1031.0,0.439378,1034.8,0.013365,1030.5,0.052239,1035.3,0.119018,1030.0,0.085288,1035.8,0.032874,1029.5,0.381228,1036.3,0.004381,1029.0,0.003133,1036.8,0.067041,1028.5,0.313488,1037.3,0.002222,1028.0,0.233873,1037.8,0.208571,1027.5,0.133394,1038.3,0.114788,1027.0,0.064633,1038.8,0.001527,1026.5,0.048494,1039.3,0.033854,1026.0,0.048529,1039.8,0.118068,1025.5,0.138222,1040.3,0.04401,1025.0,0.024702,1040.8,0.002459,1024.5,0.030145,1041.3,0.125676,1024.0,0.070135,1041.8,0.075499,1023.5,0.075072,1042.3,0.079802,1023.0,0.051502,1042.8,0.040068,5.372123,3.143365,0.2617,,,
2025-09-19 16:01:22.259713,BTCUSDT,1033.4,2.2,1032.7,1034.6,1032.0,1033.4,60.2425,1032.3,1.154487,1034.5,2.070612,1031.8,0.396242,1035.0,0.263335,1031.3,0.567975,1035.5,0.00341,1030.8,0.198491,1036.0,0.147745,1030.3,0.043203,1036.5,0.147051,1029.8,0.184897,1037.0,0.050291,1029.3,0.20699,1037.5,0.183266,1028.8,0.122881,1038.0,0.174887,1028.3,0.011941,1038.5,0.079702,1027.8,0.08775,1039.0,0.121911,1027.3,0.186909,1039.5,0.053238,1026.8,0.033738,1040.0,0.240792,1026.3,0.250438,1040.5,0.044629,1025.8,0.040941,1041.0,0.075464,1025.3,0.129898,1041.5,0.001,1024.8,0.043822,1042.0,0.034252,1024.3,0.041896,1042.5,0.013541,1023.8,0.085083,1043.0,0.022315,1023.3,0.008804,1043.5,0.079381,1022.8,0.048697,1044.0,0.03246,3.845083,3.839281,0.0008,,,
2025-09-19 16:01:22.309713,BTCUSDT,1031.2,9.4,1029.1,1037.1,1020.6,1031.2,62.5054,1026.5,0.437942,1035.9,0.313131,1026.0,0.4294,1036.4,0.656592,1025.5,0.505136,1036.9,0.488916,1025.0,0.208413,1037.4,0.314444,1024.5,0.395877,1037.9,0.163019,1024.0,0.37543,1038.4,0.112095,1023.5,0.878478,1038.9,0.22707,1023.0,0.088041,1039.4,0.050373,1022.5,0.312011,1039.9,0.021146,1022.0,0.094284,1040.4,0.054485,1021.5,0.12842,1040.9,0.140065,1021.0,0.03717,1041.4,0.038026,1020.5,0.126466,1041.9,0.011942,1020.0,0.015253,1042.4,0.079193,1019.5,0.14923,1042.9,0.002924,1019.0,0.001594,1043.4,0.086872,1018.5,0.033907,1043.9,0.00818,1018.0,0.01118,1044.4,0.043425,1017.5,0.140002,1044.9,0.067641,1017.0,0.015872,1045.4,0.020287,4.384105,2.899825,0.2038,1036.5,0.196063,1.0
2025-09-19 16:01:22.359713,BTCUSDT,1030.7,2.8,1029.8,1032.5,1029.3,1030.7,207.1343,1029.3,2.210308,1032.1,0.013616,1028.8,0.173169,1032.6,0.083066,1028.3,0.142714,1033.1,0.776463,1027.8,0.070338,1033.6,0.3491,1027.3,0.011036,1034.1,0.069064,1026.8,0.136095,1034.6,0.32526,1026.3,0.144191,1035.1,0.052692,1025.8,0.027743,1035.6,0.024053,1025.3,0.039332,1036.1,0.15119,1024.8,0.196981,1036.6,0.285792,1024.3,0.105224,1037.1,0.167486,1023.8,0.135736,1037.6,0.015882,1023.3,0.011497,1038.1,0.094854,1022.8,0.084811,1038.6,0.083172,1022.3,0.023495,1039.1,0.014244,1021.8,0.045903,1039.6,0.19338,1021.3,0.017489,1040.1,0.022738,1020.8,0.117963,1040.6,0.039568,1020.3,0.047115,1041.1,0.010779,1019.8,0.008397,1041.6,0.082946,3.749537,2.855345,0.1354,,,
2025-09-19 16:01:22.409713,BTCUSDT,1032.6,0.8,1032.4,1033.1,1032.2,1032.6,111.1554,1032.2,2.712964,1033.0,0.10599,1031.7,0.401909,1033.5,0.861112,1031.2,0.729027,1034.0,0.018018,1030.7,0.068277,1034.5,0.040114,1030.2,0.127961,1035.0,0.624497,1029.7,0.001,1035.5,0.330232,1029.2,0.337212,1036.0,0.036991,1028.7,0.168789,1036.5,0.038068,1028.2,0.036299,1037.0,0.036646,1027.7,0.094357,1037.5,0.06578,1027.2,0.019026,1038.0,0.091477,1026.7,0.061494,1038.5,0.055717,1026.2,0.097181,1039.0,0.173683,1025.7,0.430739,1039.5,0.038657,1025.2,0.100649,1040.0,0.056565,1024.7,0.092722,1040.5,0.212423,1024.2,0.018885,1041.0,0.115029,1023.7,0.124221,1041.5,0.024676,1023.2,0.172332,1042.0,0.070116,1022.7,0.028366,1042.5,0.034045,5.82341,3.029839,0.3155,,,
2025-09-19 16:01:22.459713,BTCUSDT,1032.3,4.3,1030.6,1035.5,1028.7,1032.3,15.9387,1030.1,0.376684,1034.5,0.891825,1029.6,0.710669,1035.0,0.021408,1029.1,0.051127,1035.5,0.012344,1028.6,0.092904,1036.0,0.055175,1028.1,0.639424,1036.5,0.005356,1027.6,0.261972,1037.0,0.463081,1027.1,0.241015,1037.5,0.839037,1026.6,0.280017,1038.0,0.309673,1026.1,0.1754,1038.5,0.001965,1025.6,0.112686,1039.0,0.084023,1025.1,0.164345,1039.5,0.096193,1024.6,0.049728,1040.0,0.501058,1024.1,0.020666,1040.5,0.221944,1023.6,0.039218,1041.0,0.056778,1023.1,0.014879,1041.5,0.042082,1022.6,0.006927,1042.0,0.063098,1022.1,0.054571,1042.5,0.123091,1021.6,0.078733,1043.0,0.139816,1021.1,0.157263,1043.5,0.123318,1020.6,0.033234,1044.0,0.003024,3.561461,4.054288,-0.0647,,,
2025-09-19 16:01:22.509713,BTCUSDT,1032.9,4.3,1031.6,1036.0,1029.1,1032.9,93.1064,1030.7,1.029229,1035.0,0.252064,1030.2,0.065091,1035.5,0.097072,1029.7,0.248873,1036.0,0.091078,1029.2,0.014322,1036.5,0.010834,1028.7,0.254032,1037.0,0.588352,1028.2,0.220077,1037.5,0.17398,1027.7,0.247111,1038.0,0.112676,1027.2,0.036649,1038.5,0.001,1026.7,0.045894,1039.0,0.087402,1026.2,0.082277,1039.5,0.030734,1025.7,0.251284,1040.0,0.054144,1025.2,0.056137,1040.5,0.039214,1024.7,0.105806,1041.0,0.054542,1024.2,0.10437,1041.5,0.04609,1023.7,0.015117,1042.0,0.10512,1023.2,0.086804,1042.5,0.065276,1022.7,0.081251,1043.0,0.121153,1022.2,0.039118,1043.5,0.045468,1021.7,0.009982,1044.0,0.062151,1021.2,0.004147,1044.5,0.085214,2.997572,2.123564,0.1707,1034.0,4.218181,1.0
2025-09-19 16:01:22.559713,BTCUSDT,1035.2,1.3,1034.9,1036.6,1033.9,1035.2,71.937,1034.6,0.74505,1035.9,0.178533,1034.1,0.824574,1036.4,0.661132,1033.6,0.326799,1036.9,0.453263,1033.1,0.370526,1037.4,0.251711,1032.6,0.153784,1037.9,0.029332,1032.1,0.306233,1038.4,0.361222,1031.6,0.21942,1038.9,0.03653,1031.1,0.211635,1039.4,0.124147,1030.6,0.368996,1039.9,0.010109,1030.1,0.047734,1040.4,0.088548,1029.6,0.229319,1040.9,0.091628,1029.1,0.158974,1041.4,0.037159,1028.6,0.074387,1041.9,0.024187,1028.1,0.082285,1042.4,0.069423,1027.6,0.055166,1042.9,0.112537,1027.1,0.003534,1043.4,0.135781,1026.6,0.024962,1043.9,0.041584,1026.1,0.07109,1044.4,0.043119,1025.6,0.10653,1044.9,0.011484,1025.1,0.044013,1045.4,0.046633,4.425012,2.808061,0.2235,,,
2025-09-19 16:01:22.609713,BTCUSDT,1034.0,0.6,1033.9,1035.2,1033.2,1034.0,26.6194,1033.7,1.29352,1034.3,0.236243,1033.2,0.208707,1034.8,0.656738,1032.7,0.21502,1035.3,0.086025,1032.2,0.482013,1035.8,0.102883,1031.7,0.255432,1036.3,0.052913,1031.2,0.027747,1036.8,0.592142,1030.7,0.11274,1037.3,0.096791,1030.2,0.172177,1037.8,0.490057,1029.7,0.037073,1038.3,0.057553,1029.2,0.061043,1038.8,0.1667,1028.7,0.167933,1039.3,0.086947,1028.2,0.18078,1039.8,0.715554,1027.7,0.16179,1040.3,0.043811,1027.2,0.0686,1040.8,0.106118,1026.7,0.136346,1041.3,0.116669,1026.2,0.030083,1041.8,0.149685,1025.7,0.094719,1042.3,0.010651,1025.2,0.155833,1042.8,0.170847,1024.7,0.054787,1043.3,0.071336,1024.2,0.031333,1043.8,0.014164,3.947675,4.023826,-0.0096,1034.0,0.817795,1.0
2025-09-19 16:01:22.659713,BTCUSDT,1035.9,0.2,1035.9,1036.1,1035.8,1035.9,113.885,1035.8,0.120413,1036.0,3.496806,1035.3,1.526731,1036.5,1.483532,1034.8,0.984553,1037.0,0.113309,1034.3,0.17228,1037.5,0.503446,1033.8,0.032503,1038.0,0.185813,1033.3,0.008547,1038.5,0.154377,1032.8,0.056012,1039.0,0.059484,1032.3,0.174769,1039.5,0.066768,1031.8,0.025414,1040.0,0.212486,1031.3,0.012035,1040.5,0.101812,1030.8,0.121057,1041.0,0.212176,1030.3,0.047764,1041.5,0.023566,1029.8,0.010934,1042.0,0.02025,1029.3,0.088455,1042.5,0.024239,1028.8,0.22655,1043.0,0.135449,1028.3,0.047293,1043.5,0.004924,1027.8,0.156967,1044.0,0.01324,1027.3,0.022173,1044.5,0.047234,1026.8,0.022006,1045.0,0.009718,1026.3,0.009345,1045.5,0.056266,3.8658,6.924895,-0.2835,,,
2025-09-19 16:01:22.709713,BTCUSDT,1037.0,0.2,1036.9,1037.1,1036.9,1037.0,15.7477,1036.9,2.510548,1037.1,0.137056,1036.4,0.843178,1037.6,0.596667,1035.9,0.29316,1038.1,0.022767,1035.4,0.15243,1038.6,0.197879,1034.9,0.09602,1039.1,0.258419,1034.4,0.207328,1039.6,0.005236,1033.9,0.052985,1040.1,0.64795,1033.4,0.157254,1040.6,0.014869,1032.9,0.193251,1041.1,0.056843,1032.4,0.0866,1041.6,0.145476,1031.9,0.105862,1042.1,0.283229,1031.4,0.6142,1042.6,0.031208,1030.9,0.082849,1043.1,0.035939,1030.4,0.063013,1043.6,0.028536,1029.9,0.048067,1044.1,0.002712,1029.4,0.032891,1044.6,0.155268,1028.9,0.010553,1045.1,0.10103,1028.4,0.066719,1045.6,0.124437,1027.9,0.286156,1046.1,0.004665,1027.4,0.222811,1046.6,0.018991,6.125874,2.869177,0.3621,,,
2025-09-19 16:01:22.759713,BTCUSDT,1039.8,2.8,1039.0,1041.6,1038.2,1039.8,29.7986,1038.4,1.631733,1041.2,0.055834,1037.9,0.018642,1041.7,0.979775,1037.4,0.823336,1042.2,0.711021,1036.9,0.239548,1042.7,0.050435,1036.4,0.34181,1043.2,0.016953,1035.9,0.04483,1043.7,0.04988,1035.4,0.005271,1044.2,0.566453,1034.9,0.121863,1044.7,0.031767,1034.4,0.226871,1045.2,0.166626,1033.9,0.03029,1045.7,0.008293,1033.4,0.108697,1046.2,0.053721,1032.9,0.018784,1046.7,0.100949,1032.4,0.006989,1047.2,0.066856,1031.9,0.05201,1047.7,0.100844,1031.4,0.018598,1048.2,0.02339,1030.9,0.004808,1048.7,0.006643,1030.4,0.20757,1049.2,0.026253,1029.9,0.018887,1049.7,0.014172,1029.4,0.090566,1050.2,0.013165,1028.9,0.07727,1050.7,0.02697,4.088376,3.070001,0.1423,,,
2025-09-19 16:01:22.809713,BTCUSDT,1035.0,0.8,1034.8,1035.9,1034.6,1035.0,40.7242,1034.6,1.280424,1035.4,0.565049,1034.1,0.021114,1035.9,0.071096,1033.6,0.112779,1036.4,0.229038,1033.1,0.150006,1036.9,0.083042,1032.6,0.104876,1037.4,0.274932,1032.1,0.220745,1037.9,0.111994,1031.6,0.544656,1038.4,0.002083,1031.1,0.048562,1038.9,0.049059,1030.6,0.011396,1039.4,0.15473,1030.1,0.117163,1039.9,0.083912,1029.6,0.096301,1040.4,0.078506,1029.1,0.013955,1040.9,0.217318,1028.6,0.008939,1041.4,0.017264,1028.1,0.058588,1041.9,0.064908,1027.6,0.079476,1042.4,0.139459,1027.1,0.038212,1042.9,0.049439,1026.6,0.043506,1043.4,0.053202,1026.1,0.070507,1043.9,0.020532,1025.6,0.009111,1044.4,0.019025,1025.1,0.117963,1044.9,0.002876,3.14828,2.287465,0.1584,1035.1,0.13803,1.0
2025-09-19 16:01:22.859713,BTCUSDT,1032.8,1.6,1032.4,1034.0,1032.0,1032.8,21.1432,1032.0,1.092123,1033.6,0.871545,1031.5,0.492227,1034.1,0.044432,1031.0,0.023945,1034.6,0.009337,1030.5,0.743622,1035.1,0.020877,1030.0,0.104469,1035.6,0.035131,1029.5,0.131043,1036.1,0.081405,1029.0,0.045568,1036.6,0.285597,1028.5,0.328336,1037.1,0.067759,1028.0,0.051523,1037.6,0.103087,1027.5,0.030953,1038.1,0.072498,1027.0,0.133271,1038.6,0.067908,1026.5,0.014006,1039.1,0.05145,1026.0,0.055174,1039.6,0.043327,1025.5,0.023586,1040.1,0.013581,1025.0,0.009285,1040.6,0.003845,1024.5,0.017065,1041.1,0.019126,1024.0,0.019532,1041.6,0.008883,1023.5,0.080094,1042.1,0.021689,1023.0,0.008924,1042.6,0.005238,1022.5,0.105836,1043.1,0.145575,3.510583,1.972289,0.2806,1034.1,1.477381,1.0
2025-09-19 16:01:22.909713,BTCUSDT,1032.5,1.8,1032.4,1033.4,1031.6,1032.5,27.383,1031.6,0.577889,1033.4,0.001862,1031.1,0.36929,1033.9,0.241433,1030.6,0.66057,1034.4,0.088571,1030.1,0.308001,1034.9,0.247824,1029.6,0.130647,1035.4,0.335297,1029.1,0.22327,1035.9,0.009943,1028.6,0.001632,1036.4,0.18222,1028.1,0.079245,1036.9,0.048586,1027.6,0.036762,1037.4,0.024066,1027.1,0.049358,1037.9,0.01278,1026.6,0.002936,1038.4,0.021037,1026.1,0.095212,1038.9,0.060164,1025.6,0.064736,1039.4,0.144853,1025.1,0.010097,1039.9,0.018905,1024.6,0.031526,1040.4,0.05095,1024.1,0.195327,1040.9,0.021091,1023.6,0.018316,1041.4,0.003056,1023.1,0.157901,1041.9,0.085925,1022.6,0.041505,1042.4,0.023341,1022.1,0.005135,1042.9,0.006604,3.059356,1.628509,0.3052,,,
2025-09-19 16:01:22.959713,BTCUSDT,1033.3,0.5,1033.3,1033.7,1033.0,1033.3,81.5873,1033.1,2.539905,1033.6,1.482149,1032.6,0.207882,1034.1,0.239392,1032.1,0.071123,1034.6,0.16673,1031.6,0.059653,1035.1,0.071865,1031.1,0.162012,1035.6,0.315618,1030.6,0.124789,1036.1,0.170219,1030.1,0.121316,1036.6,0.2542,1029.6,0.122715,1037.1,0.061476,1029.1,0.07014,1037.6,0.081927,1028.6,0.008604,1038.1,0.01706,1028.1,0.197501,1038.6,0.017388,1027.6,0.066834,1039.1,0.040018,1027.1,0.090712,1039.6,0.022439,1026.6,0.043041,1040.1,0.058483,1026.1,0.010786,1040.6,0.057974,1025.6,0.015937,1041.1,0.292956,1025.1,0.019569,1041.6,0.136346,1024.6,0.004537,1042.1,0.055142,1024.1,0.024265,1042.6,0.069547,1023.6,0.051151,1043.1,0.032597,4.012472,3.643524,0.0482,1033.1,0.505818,-1.0
2025-09-19 16:01:23.009713,BTCUSDT,1032.5,1.3,1032.2,1033.3,1031.6,1032.5,99.5344,1031.9,1.314257,1033.2,0.113812,1031.4,0.458025,1033.7,0.488404,1030.9,0.093513,1034.2,0.758385,1030.4,0.415494,1034.7,0.333502,1029.9,0.060725,1035.2,0.329896,1029.4,0.318934,1035.7,0.035105,1028.9,0.009488,1036.2,0.00981,1028.4,0.138463,1036.7,0.247918,1027.9,0.230985,1037.2,0.013109,1027.4,0.034998,1037.7,0.070903,1026.9,0.054285,1038.2,0.161847,1026.4,0.131803,1038.7,0.001904,1025.9,0.150652,1039.2,0.014055,1025.4,0.068527,1039.7,0.009884,1024.9,0.11908,1040.2,0.006668,1024.4,0.09888,1040.7,0.060983,1023.9,0.189595,1041.2,0.025288,1023.4,0.087466,1041.7,0.049872,1022.9,0.138407,1042.2,0.132267,1022.4,0.036449,1042.7,0.011785,4.150028,2.875397,0.1814,,,
2025-09-19 16:01:23.059713,BTCUSDT,1030.1,0.2,1030.1,1030.2,1030.0,1030.1,123.7612,1030.0,0.025192,1030.2,0.620967,1029.5,0.62327,1030.7,0.006777,1029.0,1.542625,1031.2,0.390032,1028.5,0.028988,1031.7,0.1833,1028.0,0.404416,1032.2,0.150361,1027.5,0.228527,1032.7,0.152863,1027.0,0.004692,1033.2,0.024555,1026.5,0.042626,1033.7,0.035096,1026.0,0.192207,1034.2,0.50636,1025.5,0.084964,1034.7,0.078812,1025.0,0.010703,1035.2,0.015904,1024.5,0.025193,1035.7,0.050364,1024.0,0.042789,1036.2,0.145885,1023.5,0.009131,1036.7,0.320771,1023.0,0.00208,1037.2,0.013467,1022.5,0.004896,1037.7,0.014674,1022.0,0.114296,1038.2,0.06866,1021.5,0.022113,1038.7,0.04591,1021.0,0.027454,1039.2,0.197454,1020.5,0.034392,1039.7,0.085903,3.470552,3.108116,0.0551,1030.1,0.105864,1.0
2025-09-19 16:01:23.109713,BTCUSDT,1032.6,0.3,1032.5,1033.0,1032.4,1032.6,28.1472,1032.4,0.312191,1032.8,0.121707,1031.9,0.10011,1033.3,0.530837,1031.4,0.175075,1033.8,0.033558,1030.9,0.052975,1034.3,0.258113,1030.4,0.034904,1034.8,0.052135,1029.9,0.013992,1035.3,0.06675,1029.4,0.001,1035.8,0.152504,1028.9,0.24074,1036.3,0.084695,1028.4,0.015543,1036.8,0.121851,1027.9,0.125552,1037.3,0.094643,1027.4,0.01144,1037.8,0.00465,1026.9,0.087279,1038.3,0.028693,1026.4,0.003688,1038.8,0.111981,1025.9,0.007442,1039.3,0.006062,1025.4,0.010237,1039.8,0.016656,1024.9,0.039934,1040.3,0.012784,1024.4,0.079788,1040.8,0.032022,1023.9,0.06426,1041.3,0.054026,1023.4,0.026331,1041.8,0.062111,1022.9,0.065448,1042.3,0.08043,1.467927,1.926207,-0.135,1032.6,0.320126,-1.0
2025-09-19 16:01:23.159713,BTCUSDT,1036.6,0.1,1036.6,1036.7,1036.5,1036.6,104.5796,1036.6,1.273155,1036.7,0.678445,1036.1,0.235348,1037.2,0.343093,1035.6,0.032785,1037.7,0.023956,1035.1,0.286618,1038.2,0.01839,1034.6,0.003381,1038.7,0.032414,1034.1,0.213812,1039.2,0.090529,1033.6,0.170009,1039.7,0.093013,1033.1,0.255698,1040.2,0.081637,1032.6,0.224009,1040.7,0.207915,1032.1,0.079065,1041.2,0.215243,1031.6,0.428635,1041.7,0.043433,1031.1,0.007604,1042.2,0.240471,1030.6,0.081446,1042.7,0.017409,1030.1,0.034579,1043.2,0.05058,1029.6,0.099623,1043.7,0.066579,1029.1,0.139379,1044.2,0.208817,1028.6,0.0125,1044.7,0.008004,1028.1,0.010263,1045.2,0.010313,1027.6,0.055419,1045.7,0.048588,1027.1,0.039761,1046.2,0.064396,3.68309,2.543225,0.1831,1036.5,0.229078,-1.0
2025-09-19 16:01:23.209713,BTCUSDT,1035.7,4.3,1033.5,1038.8,1031.1,1035.7,258.491,1033.5,3.086299,1037.8,0.108657,1033.0,0.059059,1038.3,2.28414,1032.5,0.237561,1038.8,0.652232,1032.0,0.167696,1039.3,0.030513,1031.5,0.82213,1039.8,0.199163,1031.0,0.159187,1040.3,0.22274,1030.5,0.108709,1040.8,0.758793,1030.0,0.104309,1041.3,0.106821,1029.5,0.032005,1041.8,0.071942,1029.0,0.029338,1042.3,0.04269,1028.5,0.001,1042.8,0.01451,1028.0,0.150427,1043.3,0.007977,1027.5,0.02607,1043.8,0.012052,1027.0,0.036653,1044.3,0.031276,1026.5,0.027895,1044.8,0.014983,1026.0,0.037067,1045.3,0.008634,1025.5,0.133283,1045.8,0.107968,1025.0,0.027972,1046.3,0.015698,1024.5,0.040949,1046.8,0.020585,1024.0,0.035926,1047.3,0.047923,5.323535,4.759296,0.056,1036.1,0.481975,1.0
2025-09-19 16:01:23.259713,BTCUSDT,1033.9,1.6,1033.6,1035.1,1033.1,1033.9,191.3681,1033.1,0.021088,1034.7,0.342188,1032.6,0.087466,1035.2,1.514938,1032.1,0.129259,1035.7,0.034147,1031.6,0.33973,1036.2,0.149994,1031.1,0.335282,1036.7,0.074513,1030.6,0.035253,1037.2,0.066895,1030.1,0.497532,1037.7,0.053795,1029.6,0.048445,1038.2,0.074283,1029.1,0.008247,1038.7,0.085269,1028.6,0.0042,1039.2,0.062681,1028.1,0.039768,1039.7,0.074029,1027.6,0.082478,1040.2,0.065772,1027.1,0.06283,1040.7,0.293897,1026.6,0.034551,1041.2,0.10506,1026.1,0.150381,1041.7,0.001,1025.6,0.057838,1042.2,0.090888,1025.1,0.145114,1042.7,0.007139,1024.6,0.051591,1043.2,0.028032,1024.1,0.079644,1043.7,0.056326,1023.6,0.084778,1044.2,0.037878,2.295474,3.218724,-0.1674,,,
2025-09-19 16:01:23.309713,BTCUSDT,1033.9,6.2,1031.4,1037.3,1028.8,1033.9,198.5949,1030.8,0.614138,1037.0,0.266094,1030.3,0.873808,1037.5,0.00762,1029.8,0.445426,1038.0,0.019356,1029.3,0.180084,1038.5,1.190124,1028.8,0.10138,1039.0,0.001,1028.3,0.070685,1039.5,0.033042,1027.8,0.02065,1040.0,0.080452,1027.3,0.023671,1040.5,0.138742,1026.8,0.069474,1041.0,0.152315,1026.3,0.046176,1041.5,0.252962,1025.8,0.014448,1042.0,0.054083,1025.3,0.06326,1042.5,0.200941,1024.8,0.001,1043.0,0.130502,1024.3,0.01301,1043.5,0.066787,1023.8,0.050102,1044.0,0.044779,1023.3,0.149939,1044.5,0.011909,1022.8,0.095793,1045.0,0.07137,1022.3,0.002174,1045.5,0.024552,1021.8,0.105856,1046.0,0.522939,1021.3,0.127677,1046.5,0.141195,3.068753,3.410762,-0.0528,1034.8,0.101668,1.0
2025-09-19 16:01:23.359713,BTCUSDT,1037.2,0.1,1037.2,1037.3,1037.1,1037.2,98.9203,1037.1,0.317035,1037.3,0.305858,1036.6,0.665312,1037.8,0.436552,1036.1,0.061363,1038.3,0.701319,1035.6,0.159907,1038.8,0.067971,1035.1,0.34156,1039.3,0.089911,1034.6,0.050889,1039.8,0.012814,1034.1,0.072528,1040.3,0.075401,1033.6,0.01423,1040.8,0.067497,1033.1,0.047438,1041.3,0.015707,1032.6,0.109215,1041.8,0.03607,1032.1,0.186556,1042.3,0.309729,1031.6,0.273604,1042.8,0.086955,1031.1,0.006222,1043.3,0.076217,1030.6,0.094979,1043.8,0.072731,1030.1,0.044811,1044.3,0.081965,1029.6,0.119142,1044.8,0.051166,1029.1,0.009696,1045.3,0.038688,1028.6,0.003718,1045.8,0.032706,1028.1,0.081682,1046.3,0.037965,1027.6,0.021102,1046.8,0.093819,2.680992,2.69104,-0.0019,,,
2025-09-19 16:01:23.409713,BTCUSDT,1036.9,3.2,1036.6,1040.0,1035.2,1036.9,175.6371,1035.3,1.303944,1038.5,0.832746,1034.8,0.144121,1039.0,0.011902,1034.3,0.176579,1039.5,0.04025,1033.8,0.296694,1040.0,0.047514,1033.3,0.04165,1040.5,0.085114,1032.8,0.042571,1041.0,0.006619,1032.3,0.092444,1041.5,0.481997,1031.8,0.435989,1042.0,0.254904,1031.3,0.072512,1042.5,0.133147,1030.8,0.006281,1043.0,0.009727,1030.3,0.007682,1043.5,0.050128,1029.8,0.037838,1044.0,0.091686,1029.3,0.079458,1044.5,0.040175,1028.8,0.073996,1045.0,0.013219,1028.3,0.075108,1045.5,0.082495,1027.8,0.037764,1046.0,0.331586,1027.3,0.053684,1046.5,0.062833,1026.8,0.030643,1047.0,0.040758,1026.3,0.165887,1047.5,0.255317,1025.8,0.058008,1048.0,0.096707,3.232851,2.968825,0.0426,,,
2025-09-19 16:01:23.459713,BTCUSDT,1035.3,0.2,1035.3,1035.5,1035.1,1035.3,86.9342,1035.2,0.122169,1035.4,0.256692,1034.7,0.269705,1035.9,0.213026,1034.2,0.125783,1036.4,0.117171,1033.7,0.387453,1036.9,0.238771,1033.2,0.299792,1037.4,0.025504,1032.7,0.314372,1037.9,0.039939,1032.2,0.088989,1038.4,0.108337,1031.7,0.283572,1038.9,0.012378,1031.2,0.070225,1039.4,0.071057,1030.7,0.024215,1039.9,0.08639,1030.2,0.067451,1040.4,0.061082,1029.7,0.035736,1040.9,0.018845,1029.2,0.117247,1041.4,0.088361,1028.7,0.040891,1041.9,0.0917,1028.2,0.122938,1042.4,0.0071,1027.7,0.156297,1042.9,0.086713,1027.2,0.123714,1043.4,0.046032,1026.7,0.001,1043.9,0.01729,1026.2,0.009998,1044.4,0.099676,1025.7,0.053374,1044.9,0.019015,2.714921,1.705079,0.2285,,,
